2068 3413
107 108 136 152 68
333 111 501 163 ouansrroims
518 124 550 154 on
567 121 728 155 conseminia

109 263 165 320 quia
178 263 315 307 conveniens
330 264 441 308 subiecto
457 266 537 321 Neque
551 264 574 308 in
589 265 632 308 hoc
648 265 771 322 quicquam
785 267 866 307 contra
880 264 949 307 ratio-

109 356 162 385 nem
173 346 215 393 est,
227 342 246 385 si
257 342 315 398 quis,
326 338 439 399 liquidam
450 347 583 400 certamque
594 344 716 387 veritatem
727 357 773 386 non
784 342 878 394 habens,
889 343 914 386 id
924 346 951 385 ut

72 410 73 413 Ἴ
86 441 87 444 “
109 420 229 477 probabile
242 421 306 464 iovet
321 422 383 480 quod
397 421 441 464 sibi
454 421 547 465 videtu-r
560 422 686 479 probabile,
697 422 728 465 sic
742 421 952 465 existimationibus

109 499 156 542 suis
172 498 231 556 (plus
245 499 320 542 minus
335 499 482 557 animalibus)
497 505 564 544 utens
578 505 604 544 ut
618 500 705 544 umbris
719 500 859 557 quibusdam
873 499 953 543 antici-

110 577 289 635 pationibusque
307 578 413 621 veritatis
434 593 438 623 ;
458 579 487 622 acl
506 579 550 622 hoc
568 580 628 623 enim
646 580 670 622 in
688 578 753 622 nobis
771 592 825 636 pars
843 578 954 622 sensitiva

110 656 249 700 naturaliter
264 657 390 701 ordinatur.
408 659 471 701 Tunc
488 662 566 701 autem
582 662 641 702 esset
657 657 800 701 deordinatio
818 656 849 714 10)
866 657 885 700 si
901 657 952 713 quis

111 739 225 792 tanquam
237 736 305 792 plane
318 740 382 779 certa
393 737 459 780 daret
472 751 531 793 quae
544 737 587 780 sibi
599 741 652 780 sunt
665 736 809 794 probabiliaJ
823 736 855 793 2⁰)
869 735 888 779 si
902 735 953 791 quis

112 814 211 857 efficeret
222 817 247 857 ut
258 814 301 858 sibi
311 829 366 858 vera
376 819 513 872 apparerent
525 815 636 872 quaesibi
646 816 737 872 placent
747 815 873 858 secundum
884 828 954 871 appe-

112 893 183 935 titum
201 893 339 936 sensitivum
357 894 445 937 ratione
463 908 509 936 non
527 894 663 950 regulatum.
683 895 787 951 Utroque
805 893 865 936 enim
882 892 952 935 modo

113 971 193 1014 similis
207 972 351 1015 deordinatio
366 971 524 1016 inveniretur:
540 972 623 1015 amoris
637 972 743 1015 videlicet
753 971 859 1029 propriae
867 971 955 1014 subiec-

113 1049 213 1092 tiritatis
226 1064 267 1107 pro
280 1064 358 1093 amore
374 1050 483 1095 Veritatis
498 1051 627 1095 substituti.
645 1051 699 1094 Ideo
714 1050 783 1093 debet
797 1050 955 1106 unusquisque

113 1128 232 1185 opiniones
249 1142 303 1171 suas
320 1129 447 1185 prudenter
465 1130 494 1172 acl
512 1143 617 1174 normam
634 1129 738 1174 Veritatis
756 1129 859 1186 probare,
878 1128 912 1170 ita
929 1131 955 1170 ut

114 1221 157 1270 eas·
165 1208 202 1250 vel
214 1207 238 1249 in
251 1221 356 1250 assensus
370 1211 444 1251 certos
456 1211 591 1259 commutet,
604 1208 648 1259 vel,
662 1208 681 1250 si
693 1208 763 1250 falsas
776 1220 823 1250 esse
836 1206 955 1263 percipiat,

115 1289 193 1336 exuat
207 1286 245 1329 vel
258 1286 342 1329 saitem
356 1290 382 1329 ut
397 1300 475 1329 earum
489 1286 685 1330 subiectivitatem
699 1288 807 1340 agnoscat
824 1298 827 1328 ε
843 1285 886 1328 hoc
900 1284 957 1341 nihil

115 1364 179 1407 aliud
194 1368 236 1427 est,
252 1364 296 1407 nisi
311 1364 405 1407 reflexio
420 1365 518 1408 subiecti
533 1365 557 1407 in
572 1369 650 1408 actum
665 1364 790 1421 proprium,
807 1377 853 1420 qua
868 1362 958 1420 appeti-

115 1442 203 1485 tionem
218 1442 283 1485 illam
298 1443 443 1500 implicitam,
461 1444 489 1486 de
506 1458 552 1500 qua
566 1444 706 1494 dicebamus
723 1443 830 1485 traducat
847 1442 870 1484 in
886 1441 958 1498 expli-

116 1520 196 1564 eitum.

522 1670 566 1716 §d

121 1794 125 1799 ”
171 1790 206 1827 De
222 1789 313 1827 delectu
328 1789 474 1836 opinionum,
490 1789 538 1827 sive
554 1790 582 1827 de
597 1789 715 1827 soliditate
730 1787 904 1835 probabilitatis

150 1921 285 1981 Opinionem
303 1921 402 1978 aliquam
420 1922 482 1965 ionio
500 1922 558 1965 iicite
576 1922 678 1979 arripiecti
695 1925 763 1978 potest
779 1924 804 1963 nt
820 1918 960 1976 probabiienr,

87 2000 88 2003 ’
121 1998 296 2058 qarotiesenrnqne
308 2000 403 2057 percipit
418 1998 585 2057 dispositionem
605 1999 746 2043 serbiectioanr
762 1998 781 2041 ei
798 1997 962 2055 respondentem

122 2078 189 2124 indni
203 2093 216 2122 a
230 2093 251 2122 se
265 2083 328 2136 posse
342 2079 390 2122 sine
404 2079 449 2122 nito
462 2083 532 2136 pnrae
545 2079 681 2129 tricentenis„
697 2092 739 2135 qrrrn
753 2077 782 2121 ad
793 2079 866 2120 Dennr
879 2074 963 2119 tendere

77 2183 79 2189 ,
123 2156 187 2207 debet,
203 2157 335 2201 detrinrento
350 2184 380 2188 —
392 2157 422 2201 Id
435 2162 507 2200 ardent
520 2158 614 2215 percipit
627 2157 659 2200 nei
672 2161 711 2213 ope
724 2155 853 2213 prudentiae
867 2159 886 2197 et
899 2152 964 2210 arensi
978 2167 979 2170 ¹

123 2235 347 2293 qnodanr‘instinctn
366 2235 399 2279 oei
415 2235 528 2279 collatione
545 2240 564 2278 et
579 2235 686 2286 discnrsn
704 2231 874 2292 praesnpposita
890 2237 963 2275 tarnen

123 2313 195 2357 debita
207 2314 322 2371 diiigentia
335 2313 360 2357 in
372 2313 512 2371 inquirendis
525 2313 618 2357 actionis
631 2313 801 2357 circnnestaniiis
814 2310 965 2369 itineratione

124 2382 224 2450 cognosci
237 2396 336 2449 possnnt.
352 2418 382 2423 -
396 2392 600 2448 Qrearrtnrncnrnqne
614 2406 662 2435 vero
675 2390 793 2449 prodentia
807 2389 897 2433 credisse
911 2392 965 2445 snp-

124 2471 217 2529 ponitnr
234 2469 260 2515 in
278 2470 366 2514 nornine
385 2471 454 2527 tapso,
474 2485 590 2527 rriinqnarn
608 2474 679 2514 tarnen
698 2470 789 2513 totaiiter
807 2468 863 2511 toii't
881 2481 967 2511 onrnenr

124 2547 304 2593 incertitndinern
326 2549 353 2593 in
376 2548 503 2600 irroraiibns,
528 2563 596 2606 nequae
619 2552 769 2607 conseqnenter
792 2561 877 2591 onrnenr
899 2560 966 2589 arsrnn

124 2628 293 2686 probabilitatis.

123 2722 125 2726 ⁴
155 2708 192 2750 Ex
206 2710 275 2750 antea
288 2706 363 2758 dictis,
379 2721 425 2749 non
439 2707 562 2750 difficulter
575 2710 639 2764 patet
654 2720 707 2764 pars
721 2705 782 2763 prior
796 2704 864 2747 huius
879 2701 966 2746 asserti.

124 2785 228 2838 ‘Solvitur
238 2785 305 2836 enim,
317 2789 343 2828 ut
354 2785 500 2838 arbitramur,
507 2786 605 2829 obiectio
615 2782 726 2842 principio
735 2782 892 2841 praecedentis
902 2794 968 2838 para-

126 2863 209 2921 graphi
216 2864 299 2920 posita,
308 2864 337 2907 de
345 2864 417 2906 nimia
424 2864 595 2920 probabilitatis
604 2863 736 2907 extensione
745 2876 771 2905 ac
779 2863 807 2905 de
815 2863 968 2916 consequente

123 2943 224 2986 laxismo
241 2942 287 2999 (pp.
304 2942 387 2999 63-64),
402 2943 506 2994 solvitur,
521 2943 623 3001 inquam,
639 2942 797 2999 quaestionem
810 2931 971 2984 transferendo

125 3036 140 3070 ¹e
152 3022 202 3064 sola
213 3021 356 3078 cogitatione,
365 3022 395 3064 ad
407 3022 560 3074 voluntatem,
574 3036 585 3064 e
597 3022 646 3064 sola
656 3021 797 3072 motivorum
810 3017 969 3068 aestimatione
