1948 3333
236 119 270 150 DE
286 118 425 151 DUALITATE
442 118 555 150 SUBlECTI
572 117 702 150 OPINANTIS
865 116 893 162 53

47 267 92 309 lem
103 260 337 304 alieuiusvernatis1.
350 277 359 302 >r
371 259 393 316 (I
394 260 445 311 tid,
456 274 478 303 n.
493 260 538 317 65).
553 262 616 304 Haec
628 259 723 317 quidem
734 259 817 302 mixtio
827 257 894 303 dubi-

46 339 141 387 tationis
158 354 211 382 cum
228 354 329 391 assensu,
346 339 405 381 mira
420 339 518 382 fortasse
535 339 603 383 alicui
618 337 743 389 videbitur,
761 338 864 394 quirem
881 352 895 379 a

47 419 116 480 priori
124 418 307 475 consideraverit
319 433 323 471 ;
337 422 368 469 at,
381 432 435 460 curn
447 417 590 475 experientia
601 417 772 474 suppeditetur,
785 417 854 460 debet
867 420 893 459 ut

46 497 186 559 principium
198 497 355 553 inquisitionis
370 495 450 553 accipi.

76 577 155 621 Placet
167 576 253 631 itaque,
266 590 320 618 cum
331 574 482 631 scriptoribus
494 576 523 618 de
535 589 558 618 re
569 573 650 619 morali
663 574 719 617 satis
732 566 892 624 communiter,

46 653 165 715 probabile
180 654 212 696 sic
227 654 354 697 describere
372 667 376 696 :
394 653 535 697 «Probabile
550 657 585 696 est
601 653 624 696 id
640 666 716 704 omne,
733 653 796 708 quod
811 653 894 695 nititur

45 733 134 779 motivo
148 731 239 777 lallibili
253 733 354 789 quidem,
369 732 409 774 sed
423 732 501 788 magni
515 732 586 774 etiarn
600 731 757 787 comparative
773 730 886 774 momenti

46 828 85 857 seu
102 811 164 869 quod
180 811 263 856 nititur
279 811 439 861 fundamenta
458 811 520 869 quod
536 811 583 853 tale
600 814 641 861 est,
659 814 685 852 ut
701 810 738 853 vel
754 810 893 867 prudentem

47 892 122 940 virum
135 892 158 932 et
171 889 219 932 sine
231 889 424 946 praecipitatione
436 892 459 932 et
472 889 578 945 passione
591 888 735 934 iudicantem,
745 891 798 945 post
810 889 893 931 seriam

46 969 163 1016 rationum
179 968 250 1011 etiam
266 969 427 1025 oppositarum
443 967 650 1011 considerationem
665 967 894 1024 irreprehensibiliter

47 1049 70 1091 in
79 1060 198 1090 assensum
206 1046 301 1089 inducat
313 1061 318 1099 ;
327 1061 367 1090 seu
376 1050 410 1100 est
420 1040 558 1103 apparentia
566 1046 681 1105 quaedam
690 1046 738 1089 veri
748 1047 892 1095 antecedens,

46 1125 147 1169 lallibilis
159 1125 259 1180 quidem,
272 1126 329 1168 adeo
340 1129 420 1167 tamen
431 1138 522 1181 magna,
531 1128 556 1167 ut
568 1125 638 1181 digna
647 1125 676 1167 sit
687 1125 808 1181 prudentis
820 1123 893 1166 homi-

47 1205 81 1247 nis
96 1217 209 1246 assensu.»
220 1203 258 1247 Sic
272 1204 345 1254 Frins,
360 1206 395 1259 op.
410 1203 453 1254 cli,
467 1218 490 1260 p.
505 1213 554 1257 2150,
571 1206 625 1260 post
641 1204 735 1246 multos.

77 1284 167 1339 ltaque,
181 1282 353 1338 probabilitatis
367 1281 468 1340 essentia
480 1281 527 1324 sita
539 1285 574 1325 est
588 1282 611 1323 in
625 1267 652 1324 ea
665 1281 826 1324 convenientia
839 1294 892 1324 cum

47 1360 166 1404 intellectu
179 1374 225 1416 qua
240 1361 266 1402 fit
280 1364 313 1411 ut,
329 1363 383 1403 ante
397 1363 517 1416 acceptam
531 1360 644 1404 rationem
658 1360 808 1416 quietantem,
823 1359 892 1402 homo

47 1443 126 1481 tamen
146 1438 166 1481 ei
185 1438 286 1501 aliquem
306 1452 432 1488 assensum,
453 1442 475 1481 et
496 1439 598 1494 quodam
617 1439 686 1481 modo
707 1438 892 1494 anticipativum,

47 1519 156 1574 praestet.
171 1517 226 1560 Eius
241 1520 319 1560 autem
332 1516 461 1573 proprietas
475 1520 509 1559 est
523 1517 614 1562 errandi
626 1516 731 1568 formido,
747 1531 793 1572 qua
806 1516 893 1573 aliquid

48 1596 112 1638 deest
133 1595 271 1651 quietationi
291 1595 429 1645 intellectus,
451 1598 474 1637 et
495 1595 612 1638 dubitatio
634 1595 712 1651 aliqua
731 1598 842 1646 remanet,
864 1608 892 1637 ne

49 1674 108 1716 lorte
124 1673 233 1730 opposita
248 1674 365 1716 sententia
380 1687 435 1715 vera
451 1673 488 1716 sit.
518 1676 520 1679 ’

441 1821 485 1867 §a

262 1935 298 1971 De
313 1932 427 1971 dualitate
441 1933 542 1971 subiecti
556 1933 674 1981 opinantis

73 2049 171 2093 Difficile
187 2049 328 2105 quibusdam
343 2048 443 2099 videtur,
460 2049 508 2091 veri
523 2049 623 2091 nominis
640 2063 759 2092 assensum
775 2064 829 2093 cum
844 2050 893 2105 veri

44 2127 143 2170 nominis
156 2128 302 2172 dubitatione
314 2128 337 2170 in
349 2127 457 2183 opinione
469 2128 577 2184 componi
589 2141 662 2184 posse,
675 2127 752 2186 idque,
766 2129 821 2184 quia
833 2128 893 2171 arbi-

44 2208 143 2257 trantur,
158 2209 215 2249 tunc
229 2206 277 2250 lore
291 2204 352 2250 circa
365 2205 427 2248 idem
441 2206 613 2249 dubitationem
627 2209 650 2248 et
665 2220 792 2250 assensum.
808 2207 892 2251 Viden-

43 2284 99 2326 dum
115 2288 150 2327 est
166 2284 242 2341 igitur,
259 2299 316 2327 num
331 2284 377 2327 sint
393 2298 417 2326 re
432 2298 488 2326 vera
503 2284 563 2327 circa
578 2284 647 2342 idem.
664 2284 733 2328 Cuius
749 2286 892 2328 contrarium

67 2425 81 2447 1.
96 2415 168 2447 Acriter
177 2416 273 2459 vituperat
283 2418 303 2449 P.
314 2416 463 2453 GARDE1L‚l.c.,
473 2415 534 2457 juillet
545 2426 595 2455 1911,
606 2427 623 2459 p.
634 2426 667 2458 443
681 2428 688 2446 r
696 2417 714 2448 la
723 2417 837 2448 lamentable
846 2427 891 2449 con-

43 2469 104 2504 fusion
116 2472 148 2514 qui
160 2482 171 2504 a
182 2472 250 2514 permis
262 2471 273 2504 a
285 2472 365 2504 certains
378 2471 444 2514 esprits
456 2472 479 2503 de
491 2472 577 2514 regarder
588 2471 678 2514 l'opinion
689 2482 762 2504 comme
778 2472 892 2515 apparente'e

42 2535 65 2558 au
73 2528 131 2559 doute
141 2539 153 2560 l.
162 2528 237 2566 Tamen,
246 2530 320 2571 praeter
327 2529 345 2560 S.
353 2527 471 2569 Alphonsum
478 2537 535 2570 supra
542 2527 661 2570 descriptum,
670 2528 713 2560 vide
720 2529 770 2560 locos
783 2529 800 2561 S.
808 2520 891 2561 Thomae

41 2584 92 2624 apud
101 2583 168 2626 ⁴ipsum
181 2584 277 2622 Genuam,
292 2587 320 2627 op.
334 2584 370 2621 cit,
385 2593 403 2625 p.
417 2592 457 2624 449,
472 2592 520 2625 sqq,
534 2592 549 2615 e.
564 2593 580 2625 g.
596 2593 599 2615 ε
615 2583 769 2626 «Quandoque...
784 2584 891 2616 intellectus

40 2636 143 2671 inclinatur
152 2640 211 2682 magis
220 2641 244 2672 ad
253 2650 312 2672 unum
321 2649 379 2683 quarn
388 2639 412 2671 ad
421 2639 501 2671 alterurn
510 2640 514 2677 ‚²
525 2640 556 2671 sed
566 2641 630 2671 tamen
639 2639 685 2672 illud
694 2640 786 2672 inclinans
795 2651 832 2673 non
841 2640 891 2673 suffi-

42 2693 111 2726 cienter
121 2697 186 2728 movet
197 2696 314 2728 intellectum
325 2697 349 2728 ad
358 2695 393 2727 hoc
399 2694 448 2736 quod
455 2695 568 2727 determinet
578 2695 640 2738 ipsum
651 2695 670 2727 in
681 2706 738 2728 unam
748 2696 832 2738 partium
841 2698 891 2729 tota-

39 2748 96 2789 'liter;
108 2752 157 2784 unde
168 2752 237 2795 accipit
248 2752 324 2794 quidem
334 2760 392 2784 unam
402 2752 482 2793 partem,
491 2751 556 2782 tamen
567 2760 640 2794 semper
650 2751 719 2784 dubitat
729 2753 752 2784 de
763 2753 859 2795 oppositaz
871 2754 890 2784 et

40 2804 85 2837 haec
96 2809 124 2838 est
134 2808 232 2850 dispositio
242 2808 343 2851 opinantis,
360 2807 392 2849 qui
402 2806 471 2849 accipit
479 2804 538 2838 ‘unam
548 2809 621 2849 partem
631 2808 786 2840 contradictionis
798 2818 840 2840 cum
854 2809 890 2841 ior-

35 2861 201 2903 ¹tnidinealterius
211 2876 218 2893 r
236 2864 268 2906 (De
281 2858 598 2904 Ventura,q.‘14,a..1,non:1t2²⁸,
615 2871 633 2904 q.
647 2872 675 2903 55,
690 2865 711 2895 ut
722 2873 783 2896 errore
799 2866 827 2896 est
840 2864 891 2907 apud

39 2916 128 2962 Gardeill.
141 2932 148 2950 n
158 2920 267 2952 Intellectus
277 2920 379 2952 assentit„
398 2929 436 2950 non
445 2918 490 2961 quia
499 2915 612 2951 sufficienter
621 2921 720 2951 moveatur
729 2920 753 2952 ab
766 2920 839 2952 obiecto
848 2930 890 2963 pro-

39 2973 102 3013 prio..
123 2978 142 3008 et
159 2976 174 3008 si
195 2976 271 3019 quidem
291 2976 327 3008 hoc
343 2975 368 3007 sit
384 2984 427 3007 cum
447 2974 557 3007 dubitatione
577 2976 597 3006 et
610 2973 716 3007 -lormidine
732 2976 809 3008 alterius
825 2976 890 3019 partie,

39 3028 75 3061 'erit
91 3031 176 3074 opinio...
187 3044 201 3062 l·
209 3031 234 3075 (2²
244 3031 275 3071 απ,
287 3039 305 3073 q.
318 3042 333 3070 1,
344 3041 361 3064 a.
373 3031 401 3073 4).
506 3028 508 3031 ’
