1948 3333
252 87 284 119 DE
301 86 481 118 PROBABILISMO
497 85 626 118 HISTORiCE
834 86 846 128 3
849 84 861 128 5

17 229 180 275 condemnatio
198 243 211 271 a
228 229 312 273 Sancta
325 228 381 272 Sede
398 229 548 285 perficeretur
567 227 600 283 (ut
617 230 709 270 constat
726 240 756 269 ex
767 226 815 269 eius
832 227 863 270 ad

16 309 157 354 Clementem
172 309 208 355 XI
222 307 320 365 supplici
333 307 417 358 libelIO,
433 322 453 350 a.
470 306 543 363 1702).
559 307 593 357 id,
608 305 757 356 etiamtunc,
773 305 862 348 iactum

16 402 61 431 non
77 390 120 438 esty
137 387 181 430 etsi
196 386 334 431 Benedictus
351 387 412 430 XIII
429 388 452 429 et
467 385 606 430 Benedictus
623 386 681 429 XIV
695 384 780 427 iniensi
796 388 861 428 erant

15 465 188 525 probabilismo.
201 466 282 516 Immo,
293 464 369 507 medio
379 464 426 509 iere
436 464 528 507 saeculo
540 466 629 514 XVIII,
642 462 743 506 Iesuitae
753 462 805 505 itali
815 476 861 505 non

15 543 82 604 pauci
99 544 232 601 opinionem
248 543 323 586 minus
339 543 484 600 probabilem
502 556 607 599 expresse
624 543 758 590 tuebantur,
777 541 861 597 aliique

16 626 81 668 extra
91 622 234 665 societatem.
247 621 335 666 Accidit
347 625 427 664 tamen
438 624 471 672 ut,
483 621 531 664 sive
542 624 636 678 propter
646 620 749 663 thesium
761 633 861 675 quarun-

15 703 69 745 dam
86 715 99 743 a
116 702 137 745 S.
151 700 303 757 inquisitione
314 700 506 757 proscriptionem
520 698 587 755 (anno
601 698 663 755 1761,
676 698 710 741 cir
723 699 744 742 S.
757 698 861 755 Alphon-

15 793 72 830 sum,
91 779 136 823 loco
153 779 255 830 6111111.
267 778 310 835 85),
322 778 369 821 sive
379 781 476 836 propter
485 778 610 835 rigidorum
623 777 655 833 (ut
667 777 775 828 Concina,
788 778 814 822 Ο.
827 778 859 828 P.,

16 857 116 908 Patnzzi,
137 859 163 902 Ο.
185 856 218 913 P.)
238 857 451 901 vehementissimas
470 856 662 913 impugnationes
680 855 860 913 probabilismus

16 936 90 992 quiuis
106 936 191 979 iterum
207 936 252 979 iere
268 936 372 979 devictus
387 936 491 986 iacuerit.

44 1016 81 1065 At,
99 1015 139 1070 qui
154 1029 189 1057 res
206 1018 254 1059 erat
270 1028 427 1066 conversurus
445 1014 466 1058 S.
484 1014 616 1070 Aiphonsus
633 1028 646 1056 a
662 1013 759 1069 Ligorio,
779 1016 860 1070 «post-

16 1106 86 1148 quam
107 1092 209 1150 rigidiori
230 1091 371 1137 valedixerat
389 1091 625 1149 probabiliorismu...
647 1092 724 1136 rarioris
739 1091 860 1149 probabilis

15 1171 128 1227 opinionis
139 1171 319 1216 sectatoribus...
327 1185 350 1213 se
362 1171 469 1214 adiunxit
480 1174 503 1214 et
515 1171 544 1213 ad
555 1174 656 1213 mentem
663 1169 765 1226 vulgaris
776 1170 859 1227 proba-

14 1249 106 1300 bilismi7
114 1250 172 1292 duas
188 1249 464 1300 dissertationesreticito
480 1249 572 1292 nomine
586 1263 627 1291 suo
642 1249 768 1315 paucisque
783 1262 859 1291 exem-

14 1327 124 1385 plaribus,
137 1328 200 1385 prelo
212 1328 327 1370 commisit
342 1326 406 1383 (1749
419 1331 442 1370 et
456 1327 530 1383 1755),
543 1327 625 1383 quibus
638 1328 714 1371 rotrocus
725 1327 860 1384 probabilem

15 1406 125 1448 adversus
141 1406 309 1463 probabiliorem
323 1405 525 1450 indiscriminatim
541 1409 670 1462 propugnat
683 1423 691 1446 u
718 1405 770 1461 (Ter
787 1407 857 1457 Haary

16 1487 50 1540 op
65 1483 108 1535 co„
122 1500 145 1541 p.
161 1484 220 1540 100).
235 1486 258 1527 Is
271 1498 342 1540 usque
357 1485 386 1528 ad
401 1498 488 1527 annum
503 1484 558 1540 1761
572 1484 664 1527 videtur
677 1484 747 1527 iuisse
760 1484 860 1541 simplex

15 1562 174 1617 probabilista.
194 1564 225 1606 At
244 1576 303 1605 anno
322 1562 385 1618 1762,
404 1562 428 1604 in
446 1563 607 1607 dissertatione
626 1562 670 1605 «clo
687 1577 731 1606 usu
749 1563 858 1606 eruderato

16 1639 130 1696 opinionis
143 1640 264 1697 probabilis
275 1658 289 1691 1,
314 1655 384 1696 quam
398 1640 445 1683 iam
459 1641 580 1698 episcopus
594 1641 669 1684 iactus
691 1641 771 1692 edidit,
787 1641 858 1684 adsti-

14 1719 109 1774 puIatur
122 1719 251 1762 sententiae
266 1719 358 1762 Eusebii
373 1720 463 1770 11111011,
479 1719 582 1762 canonici
596 1719 704 1776 regularis
720 1719 858 1777 Pollingiani

17 1795 166 1853 (16921775),
188 1797 227 1854 qui
246 1798 345 1840 mediam
364 1797 428 1840 viam
448 1797 681 1854 aequiprobabilismi,
702 1798 749 1840 iam
770 1812 784 1840 a
804 1798 857 1844 Ger-

13 1875 87 1917 manis
105 1872 194 1918 iesuitis
213 1877 350 1926 Hartmann,
371 1876 471 1927 Rassler,
491 1876 563 1932 Mayr,
583 1876 672 1925 initam,
692 1877 855 1932 sequebaturl.

14 1953 80 2015 Anno
96 1954 169 1996 etiam
187 1953 250 2009 1765,
272 1953 296 1996 in
311 1954 418 2010 apologia
433 1968 475 2011 pro
491 1954 651 1997 dissertatione
667 1955 771 2005 laudata,
789 1956 856 1998 docet

14 2043 59 2073 non
75 2029 142 2077 licere
160 2047 168 2071 r
177 2032 243 2087 sequi
258 2032 388 2088 opinionem
404 2033 481 2075 minus
498 2017 648 2089 probabilem,
667 2034 761 2089 quando
778 2033 856 2090 opinio

13 2110 116 2166 prolege
129 2113 164 2153 est
178 2110 312 2155 notabiliter
325 2114 347 2153 et
361 2114 422 2154 certe
435 2111 602 2168 probabilior».
617 2112 683 2155 Anno
699 2112 762 2167 1768,
777 2104 855 2165 scribit

14 2187 43 2229 ad
53 2187 166 2233 editorem
178 2189 316 2232 Remondini
329 2202 333 2231 z
346 2189 442 2232 «Meum
453 2190 481 2232 de
492 2189 656 2246 probabilitate
666 2194 772 2247 systema
782 2191 856 2236 diver-

12 2276 63 2307 sum
73 2269 108 2308 est
119 2281 133 2309 a
143 2266 283 2311 IesuItarum
293 2281 298 2319 ;
309 2281 349 2323 ego
359 2267 420 2310 enim
431 2281 488 2324 nego
498 2267 587 2310 Iicitum
597 2281 645 2311 esse
655 2268 769 2325 opinionis
779 2269 855 2324 minus

12 2344 137 2398 probabilis
154 2359 223 2388 usum
240 2348 266 2388 ut
283 2345 336 2390 talis
354 2345 461 2403 agnitae;
478 2346 641 2397 Busembaum7
660 2347 734 2398 Croix,
752 2347 858 2403 plenque

13 2421 119 2474 Iesuitae,
135 2424 219 2479 quibus
233 2423 308 2466 minus
323 2424 448 2480 probabilis
463 2438 519 2467 usus
533 2424 608 2467 licitus
622 2425 741 2482 probatur]
757 2425 781 2468 id
797 2426 861 2469 affin*

12 2504 84 2543 mant.
97 2517 106 2541 n
119 2500 232 2557 Denique,
247 2502 270 2544 in
283 2502 379 2546 Homine
392 2503 511 2560 apostolico
525 2516 532 2546 .·
547 2519 555 2543 r
565 2504 630 2546 Hanc
644 2504 785 2546 sententiam
800 2499 861 2560 (qua

12 2579 76 2633 sequi
85 2593 127 2640 nos
137 2593 205 2636 posse
215 2580 294 2623 dicunt
304 2580 379 2623 minus
389 2581 534 2637 probabilem
544 2595 588 2638 pro
594 2582 707 2632 libertate,
719 2596 773 2625 cum
783 2592 862 2640 opposs

12 2654 56 2698 sita
70 2671 112 2713 pro
127 2659 176 2714 lege
192 2658 222 2701 sit
238 2661 299 2702 certo
314 2659 462 2716 probabilior)
480 2660 552 2716 elapsi
567 2660 651 2704 saeculi
667 2664 772 2705 auctores
789 2655 860 2727 quasi

18 2769 226 2780 *—

37 2822 52 2846 1.
65 2816 93 2847 De
102 2817 132 2848 his
141 2818 325 2860 aequiprobabilismi
334 2818 396 2857 initiis,
407 2819 436 2850 cir
444 2819 486 2850 TER
496 2819 560 2857 Hunn,
570 2822 598 2861 op.
608 2819 645 2857 cit,
655 2830 685 2862 pp.
697 2828 757 2860 95-99.
768 2820 787 2852 Is
797 2820 854 2853 etiarn

13 2869 116 2903 arbitratur
130 2872 162 2915 (De
175 2877 268 2914 systemate
280 2874 343 2907 morali
356 2874 472 2917 ooriqooooo
483 2874 658 2918 probabilistorunr),
672 2885 710 2907 non
722 2885 792 2918 paucos
805 2877 860 2909 111111--ι

13 2925 85 2965 quiores
97 2929 232 2971 probabilistas
244 2930 293 2962 idem
305 2940 324 2962 re
337 2930 427 2963 docuisse.
440 2930 560 2963 Contrarium
572 2931 654 2963 ostendit
660 2932 702 2964 Alb.
714 2932 856 2971 501111111201

15 2979 115 3016 Gesclriclrte
128 2985 157 3017 cles
170 2985 318 3024 Probabilisrons,
333 2986 442 3026 Innsbruck,
458 2996 509 3029 1904*
