1948 3333
258 116 411 149 ARGUMENTA
426 117 656 148 PROBABILISTARUM
852 117 880 160 43

32 258 132 308 reflexis.
142 258 220 303 Sedea
231 257 352 315 principia(
366 257 449 315 quibus
462 262 566 311 utuntur,
580 272 626 301 non
638 261 736 315 possunt
749 257 880 301 ministrare

33 336 204 383 conclusionem
219 340 314 382 certam.
332 339 392 381 Nam
407 340 461 380 sunt
476 337 564 382 incerta
578 341 601 380 et
617 337 647 379 ad
662 350 781 408 summum
796 336 881 394 proba-

32 417 95 463 bilia.
108 432 117 456 «
129 418 196 460 Patet
208 416 373 472 consequentia
385 430 389 459 :
399 429 445 458 non
455 415 516 459 enim
525 418 602 473 potest
613 415 728 458 conclusio
739 429 787 458 esse
797 414 881 459 certior

31 496 79 540 suis
91 493 218 552 principiis.
233 495 301 540 Prob.
315 495 370 538 min.
386 508 390 537 :
404 508 482 537 omnes
496 493 711 552 antiprobabilistae
724 497 809 551 negant
823 493 881 536 haec

33 573 147 633 principia
158 576 272 629 tanquam
285 573 390 616 absolute
402 572 468 625 farsa,
481 576 504 616 et
516 573 610 616 indubie
622 572 774 629 probabiliter
786 576 880 628 negant,

33 655 87 696 sunt
102 651 163 695 enirn
178 654 283 697 auctores
298 664 393 697 numero
408 654 430 694 et
444 652 545 708 pondere
559 650 695 708 gravissimi,
712 665 786 709 neque
801 664 881 695 eorum

32 730 133 777 ratianes
147 733 201 773 sunt
215 729 388 787 improbabiles,
404 743 462 789 quae
476 730 522 773 duo
536 730 635 773 tundant
650 729 783 786 opinionem
797 729 881 786 proba-

25 809 102 859 bilem
112 822 116 852 ε
126 822 178 866 ergo
187 808 243 851 haec
251 808 425 866 principiasunt
433 808 521 853 incerta
528 812 551 851 et
560 809 589 851 ad
597 821 714 851 summum
722 807 859 865 probabilia.
872 824 881 848 >r

34 887 148 945 (Billuart,
166 891 200 944 op.
218 886 261 938 etr„
279 902 298 931 a.
317 901 336 939 1,
352 903 374 944 p,
391 886 454 944 361),

435 1034 482 1081 ts·

276 1152 420 1199 Argumenta
433 1152 646 1191 Probabilistarum

64 1274 194 1331 Suppositis
207 1274 298 1317 duabus
309 1274 429 1317 sententiis
441 1288 540 1330 quarum
552 1275 624 1318 altera
634 1274 679 1331 legi
691 1274 765 1319 altera
776 1272 880 1317 libertati

36 1369 45 1393 «
55 1352 133 1395 laveat
145 1370 160 1403 l),
175 1352 255 1395 dicunt
268 1352 441 1410 probabilistae,
455 1352 517 1395 licite
531 1352 647 1395 hominem
660 1352 726 1408 sequi
739 1351 880 1395 sententiam

35 1431 198 1488 benigniorem,
220 1431 293 1474 etiarn
313 1435 395 1476 contra
413 1431 524 1476 tutiorem
543 1431 730 1488 probabiliorem,
751 1430 880 1474 dummodo

35 1509 153 1566 benignior
165 1509 195 1553 sit
208 1523 261 1555 vere
274 1509 392 1566 solideque
404 1510 537 1566 probabilisy
550 1510 619 1566 idque
632 1509 656 1551 in
668 1509 776 1552 omnibus
789 1512 812 1552 et
825 1508 880 1554 solis

34 1587 133 1639 casibus,
147 1587 188 1631 ubi
200 1591 283 1644 agatur
295 1588 323 1631 de
336 1589 384 1630 solo
396 1587 459 1630 licito
471 1588 509 1631 vel
520 1588 609 1632 illicito:
622 1589 672 1631 Hoc
684 1587 795 1630 ultimum
808 1583 880 1644 expli-

34 1669 89 1708 cant
103 1666 266 1723 distinguendo
281 1665 437 1709 dubitationes
452 1680 511 1722 quae
525 1667 553 1710 de
568 1666 638 1710 valore
653 1669 749 1709 actuum
763 1680 812 1709 esse
826 1679 880 1723 pos-

34 1747 96 1795 sunt,
113 1759 127 1787 a
142 1744 327 1798 dubitationibus
343 1758 402 1804 quae
416 1748 470 1787 sunt
485 1745 514 1788 de
529 1745 620 1788 licettate
635 1745 690 1789 sola.
708 1746 736 1788 In
750 1745 877 1802 baptismo,
937 1737 940 1762 ²

33 1835 70 1865 ex.
83 1837 124 1879 gr„
137 1822 282 1874 conterendo,
295 1824 361 1868 valor
373 1836 413 1865 seu
424 1823 534 1866 validitas
546 1837 599 1866 cum
611 1823 712 1867 liceitate
724 1837 771 1866 non
784 1837 879 1866 conver-

34 1900 98 1952 titur,
115 1904 260 1960 possuntque
276 1901 332 1945 haec
344 1902 390 1944 duo
401 1900 495 1958 seiungi.
507 1902 566 1947 Fieri
577 1902 656 1957 itaque
667 1905 753 1958 potest,
766 1905 800 1953 ut,
813 1901 880 1944 nulla

33 1978 62 2021 de
82 1980 205 2023 validitate
227 1980 362 2038 quaestione
383 1979 514 2031 exsistente,
537 1980 624 2026 oriatur
645 1980 744 2023 dubium
764 1980 793 2023 de
814 1979 879 2022 licito

35 2055 126 2112 (licetne
141 2057 198 2100 inihi
208 2057 269 2101 hunc
280 2058 347 2101 hodie
357 2057 476 2114 baptizare
489 2058 516 2115 t)7
532 2058 609 2115 ibique
619 2058 684 2114 sequi
697 2058 776 2103 licebit
791 2057 880 2116 opinio-

32 2148 85 2177 nem
98 2136 251 2192 probabilem.
266 2138 297 2180 At
314 2136 362 2182 fieri
375 2136 445 2179 etiam
458 2140 536 2193 potest
550 2140 583 2188 ut,
597 2140 692 2193 propter
706 2137 880 2180 dubitationem

31 2212 61 2255 de
78 2215 201 2258 validitate
222 2214 323 2271 (valetne
340 2214 471 2272 baptismus
490 2215 514 2257 in
538 2214 602 2258 tenui
624 2215 741 2266 cerevisia,
760 2216 798 2258 vel
818 2229 880 2271 aqua

32 2304 127 2335 rosacea
141 2293 239 2338 collatus
252 2293 271 2350 Ρ)
288 2293 375 2338 oriatur
389 2293 487 2336 dubium
501 2294 529 2336 de
543 2294 606 2336 licito
622 2293 714 2350 (licetne
725 2293 783 2337 mihi
798 2294 822 2336 in
837 2293 880 2336 tali

32 2371 131 2414 materia
148 2371 268 2428 baptizare
281 2372 308 2428 Ρ),
335 2375 358 2415 et
376 2371 420 2423 hic,
439 2386 468 2414 ex
485 2372 627 2423 diffinitione,
646 2372 724 2417 locum
742 2386 789 2415 non
807 2372 879 2415 habet

32 2448 220 2502 probabilismus.
240 2452 290 2508 Quo
307 2453 404 2501 statuto,
423 2450 502 2493 dicunt
520 2450 685 2507 probabilistae
705 2465 709 2494 :
728 2452 754 2508 a)
773 2450 881 2495 doctrina

32 2526 174 2571 tutioristica
189 2528 217 2571 de
233 2529 384 2573 sacramentis
400 2528 550 2581 conterendis,
567 2530 595 2572 de
611 2529 791 2586 obligationibus
807 2529 880 2571 medi-

33 2610 184 2657 corum,'etc„
199 2620 246 2649 non
262 2607 373 2650 constitui
389 2607 535 2663 exceptiones
553 2622 566 2650 a
581 2607 693 2665 principio
710 2607 879 2665 probabilismi,

34 2685 161 2727 secundum
175 2685 320 2741 praedictam
334 2684 495 2729 diffinitionem
509 2686 625 2731 intellecto
637 2700 642 2737 ;
658 2686 681 2744 b)
698 2687 761 2731 intra
775 2686 879 2729 eiusdem

34 2759 177 2805 diffinitionis
191 2763 284 2815 limites,
300 2765 377 2809 valere
392 2763 449 2806 illud
464 2764 602 2821 principium
617 2765 645 2807 de
659 2765 709 2821 lege
725 2765 814 2824 quavis,
831 2764 880 2808 sive

34 2842 143 2893 naturali,
163 2841 211 2885 sive
229 2842 332 2900 positiva
350 2841 435 2892 divina,
455 2842 503 2885 sive
522 2842 630 2886 humana.

21 2951 22 2954 η
64 2918 208 2975 Argumenta
220 2924 299 2965 autem
309 2918 513 2978 probabilistarum
525 2921 570 2965 tere
582 2925 635 2964 sunt
648 2921 704 2965 haec
719 2922 746 2978 (si
758 2936 771 2964 a
782 2921 880 2978 scriptu-

33 2993 117 3040 risticis
132 3002 155 3041 et
169 2999 295 3055 patristicis
309 2998 487 3056 discesserimus)
504 3014 508 3043 :
