1948 3333
262 139 414 172 ARGUMENTA
429 140 660 172 PROBABILISTARUM
855 137 883 182 45

38 298 85 330 non
100 284 142 326 est.
160 281 238 328 Primo
254 281 380 339 propositio
397 282 426 325 ab
443 282 580 326 adversariis
597 282 738 326 admittitur.
756 281 839 331 Altera,
856 284 882 323 ut

38 362 114 408 verbis
127 363 221 403 utamur
240 360 378 412 Lehmkuhl,
393 365 427 419 op.
441 361 484 413 cii,
499 376 521 405 n.
535 363 571 417 84,
586 377 595 401 (t
604 360 735 418 dogmatice
748 363 839 402 constat
854 373 884 402 ex

38 438 203 486 infallibilitate
223 443 245 482 et
264 439 463 483 indefectibilitate
484 439 607 484 Ecclesiae.
628 441 689 483 Nam
709 442 735 481 ut
755 437 883 482 infallibilis

39 502 143 565 veritatis
165 517 303 574 magistra...
326 518 456 561 doctrinam
477 532 569 561 morum
591 520 778 575 corrumpentem
801 516 881 573 nequit

36 596 167 656 ‚approbare
178 596 212 639 ita
222 610 296 652 neque
306 611 358 640 earn
368 600 446 654 potest
458 597 554 648 tolerare,
566 596 681 653 siquidem
693 597 717 654 a)
731 596 823 652 praxim
833 595 883 639 ubi-

40 691 83 736 que
92 675 208 731 vigentem
217 689 314 732 pravam
323 689 369 718 non
377 675 543 733 reprehendere
552 679 586 719 est
597 675 736 732 aequivalens
746 674 793 717 cius
803 678 883 731 oppro-

37 754 112 804 .batio,·
125 753 148 810 b)
163 757 221 796 esset
234 753 332 797 deiectio
345 769 359 797 a
370 768 463 799 munere
475 754 545 797 valde
558 753 681 803 essentiali¹
696 752 755 809 quae
768 753 883 796 Ecclesiae

39 831 234 877 indefectibilitati
247 832 332 877 directe
347 834 491 879 adversatur.
504 850 512 873 u
526 835 590 877 Haec
604 832 623 874 si
636 832 665 875 de
678 831 815 876 toleratione
828 844 884 874 vera

36 914 100 962 sunt,
115 910 190 955 multo
204 910 277 968 magis
291 911 319 953 de
334 911 412 957 lavore
426 911 547 968 praestito,
563 911 638 969 deque
651 909 817 967 principiorum
831 901 882 952 usu.

41 990 115 1035 Tarta
131 989 258 1045 propositio
275 1004 304 1032 ex
321 990 363 1033 hoc
381 993 453 1047 patet,
473 990 535 1046 quod
552 987 746 1047 probabilismum
763 1002 883 1045 nunquam

37 1067 160 1114 damnavit
172 1068 280 1118 Ecclesia,
292 1068 335 1111 etsi
346 1069 376 1111 ad
386 1069 410 1112 id
422 1068 554 1112 iaciendum
566 1068 595 1110 ab
606 1067 667 1111 illius
679 1067 797 1111 doctrinae
808 1067 883 1124 impu-

40 1145 173 1204 gnatoribus
182 1160 250 1203 saepe
260 1150 294 1188 est
304 1146 404 1190 invitata
415 1161 419 1198 ;
431 1148 493 1202 quod
504 1146 603 1191 Romani
613 1146 736 1203 pontifices
746 1160 797 1188 eam
807 1144 883 1188 doceri

39 1225 142 1270 siverunt
150 1224 174 1266 in
181 1225 260 1267 multis
268 1225 329 1269 orbis
337 1225 444 1269 catholici
452 1226 576 1276 cathedris,
585 1225 723 1267 nominatim
730 1224 754 1266 in
762 1223 884 1280 pontificia

41 1302 197 1348 Universitate
217 1303 362 1359 Gregoriana,
381 1303 449 1346 sicuti
470 1304 497 1346 fit
517 1304 588 1347 etiam
607 1317 684 1355 nunc;
704 1303 767 1360 quod
785 1301 882 1345 summis
930 1340 932 1343 .

39 1381 146 1424 laudibus
158 1380 240 1424 extulit
252 1381 354 1425 Ecclesia
364 1382 494 1426 doctrinam
506 1383 527 1426 S.
539 1381 659 1438 Alphonsi,
672 1395 768 1437 eamque
780 1381 809 1424 ab
820 1380 883 1423 omni

41 1458 141 1516 periculo
152 1459 311 1515 pronuntiavit
321 1460 446 1503 immunem
453 1463 467 1512 1,
476 1475 530 1504 curn
539 1460 577 1503 ille
588 1463 668 1503 tamen
674 1460 815 1516 perlongum
825 1463 883 1502 tem-

40 1552 83 1594 pus
97 1551 181 1594 purum
194 1538 385 1594 probabilismurn
397 1539 514 1596 professus
527 1539 557 1581 sit
569 1553 638 1590 ;-ex
651 1538 695 1580 hoc
708 1537 813 1595 denique,
821 1537 883 1593 quod

39 1617 62 1660 S.
75 1615 182 1661 Officium
192 1616 215 1658 in
225 1617 339 1673 responsis
351 1619 406 1664 XVI
418 1617 454 1660 die
467 1624 506 1660 110
516 1618 573 1662 febr.
588 1616 643 1659 1661
658 1617 726 1667 datis,
740 1616 800 1661 circa
810 1620 883 1658 mate-

39 1694 97 1737 riam
109 1694 137 1737 de
149 1694 308 1738 sollicitatione
318 1696 482 1747 denuntianda,
489 1696 531 1738 has
544 1695 655 1738 formulas
668 1694 776 1738 adhibet:
790 1710 799 1735 r
809 1696 883 1751 Nega·
935 1749 936 1753 Ἰ

39 1773 113 1815 tivam
128 1772 259 1829 opinionem
274 1787 320 1815 non
335 1763 409 1817 carere
424 1774 610 1830 probabilitate»
627 1773 666 1830 (ad
681 1773 711 1830 ὁ),
729 1773 882 1830 «negativam
936 1771 938 1774 ’

36 1851 170 1907 opinionem
184 1865 232 1894 esse
246 1852 389 1909 probabilem
400 1870 409 1893 l)
425 1851 463 1908 (ad
479 1852 515 1909 ro)
532 1856 555 1895 et
571 1852 602 1894 sic
618 1855 697 1908 aperte
714 1867 722 1891 r
731 1852 883 1908 probabilita-

39 1933 87 1971 tem
101 1932 127 1972 ut
140 1943 234 1974 causam
247 1933 269 1973 et
283 1944 387 1975 normam
400 1945 453 1974 vere
467 1932 496 1973 ab
510 1944 577 1974 onere
589 1930 646 1986 legis
660 1930 800 1973 eximentem
814 1943 883 1987 agno-

37 2007 81 2049 scit
93 2025 102 2048 i>
128 2006 172 2063 (Sic
187 2008 259 2060 Frins,
274 2011 307 2052 De
322 2009 413 2053 Actibus
428 2010 540 2060 linitionis,
557 2012 574 2052 t.
592 2010 637 2060 HI,
653 2024 675 2065 p.
692 2020 741 2065 249.
758 2011 883 2053 Decretum

39 2084 96 2128 illud
109 2087 246 2129 Benedictus
261 2082 319 2131 XIV
332 2088 479 2130 confirmavit
492 2102 496 2139 ;
511 2088 559 2130 eius
573 2090 666 2129 textum
681 2087 785 2130 invenias
799 2102 835 2130 ex.
850 2100 882 2143 gr.

37 2164 102 2220 apud
119 2164 256 2216 Lehmkuhl,
274 2170 308 2222 op.
326 2166 369 2217 at,
386 2169 403 2210 t.
422 2167 452 2217 H,
469 2180 492 2209 n.
511 2160 570 2223 975).

69 2309 105 2352 Ad
114 2323 141 2375 ea
150 2313 227 2352 autem
237 2324 295 2366 quae
304 2310 443 2354 obiiciuntur
452 2309 674 2367 aprobabilioristis,
688 2311 745 2354 haec
756 2310 885 2367 responsio-

37 2399 96 2428 num
106 2387 184 2444 capita
195 2389 306 2432 adhibent
317 2389 494 2445 probabilistae:
505 2390 534 2433 de
545 2392 610 2433 arcta
618 2389 657 2432 via
664 2393 687 2432 et
699 2392 798 2445 angusta
808 2392 884 2446 porta,

38 2469 145 2510 asserunt
166 2467 363 2519 multasmanere
382 2468 534 2524 obligationes
558 2467 705 2519 certissimas,
727 2471 808 2513 contra
828 2479 885 2525 quas

40 2543 104 2585 nulla
111 2544 185 2599 possit
194 2559 298 2603 unquam
307 2546 381 2589 afferri
390 2546 449 2591 ratio
459 2561 512 2589 vere
521 2545 649 2603 probabilis
660 2560 665 2598 ;
676 2549 796 2603 praeterea
805 2547 884 2591 decere

37 2619 190 2666 christianam
207 2623 370 2681 professionem
387 2638 434 2668 non
451 2628 477 2667 ut
500 2625 544 2682 legi
561 2625 690 2667 subdamur
707 2624 826 2676 serviliter,
845 2623 885 2667 sed

67 2759 81 2783 1⁴
96 2752 138 2784 Huc
148 2755 221 2796 spectat
231 2764 268 2787 non
278 2756 338 2787 solum
345 2756 439 2788 Decretum
449 2760 504 2798 stipor
513 2755 600 2788 recisione
611 2759 626 2788 er
637 2755 765 2798 approbatione
775 2759 848 2798 operum
860 2755 886 2797 (in

42 2813 97 2839 causa
105 2808 250 2851 beatificationis
260 2811 280 2842 18
289 2811 333 2843 maii
343 2812 393 2854 1803)
404 2822 407 2844 :
417 2823 424 2841 u
432 2812 483 2843 Nihil
491 2812 511 2843 in
519 2812 545 2843 eis
553 2821 631 2843 censura
639 2812 717 2854 dignum
724 2813 819 2854 repertum
827 2812 863 2844 luit
873 2823 885 2848 l,

42 2862 74 2894 scd
82 2864 355 2905 etiamBulluCarionirotionis,
362 2869 383 2899 26
392 2867 436 2899 maii
446 2868 500 2909 1839:
511 2880 517 2897 ιι
522 2867 571 2899 Illud
580 2877 624 2899 vero
633 2868 724 2910 imprimis
733 2869 800 2900 notatu
809 2868 887 2910 dignum

39 2918 76 2955 est,
90 2920 146 2961 quod,
160 2921 203 2953 licet
216 2922 341 2966 copiosissime
353 2923 453 2966 scripserit,
466 2924 626 2956 eiusdemtarnen
639 2933 695 2966 opera
708 2924 799 2956 inoffenso
811 2932 886 2966 prorsus

42 2973 89 3013 pede
103 2977 184 3018 percurri
199 2988 210 3010 a
225 2978 311 3011 fidelibus
325 2989 384 3022 posse,
399 2981 442 3022 post
457 2980 535 3022 diligens
549 2979 660 3011 institutum
675 2989 753 3012 examen
767 2981 886 3022 perspectum

40 3026 107 3063 inerit.
117 3042 124 3060 i
136 3030 168 3064 Cir
179 3034 243 3067 adnot.
256 3044 317 3077 supra,
330 3046 348 3078 p.
364 3045 392 3078 37.
