2068 3413
130 104 158 148 60
181 129 183 132 -
353 110 522 159 oonrsrrouns
539 119 572 151 De
589 119 752 153 conscreurnr

129 273 182 301 nem
199 258 247 302 eius
263 260 371 317 pertinet,
388 260 437 303 sive
455 260 485 303 ad
502 260 624 306 historiam
640 261 739 306 subiecti
757 261 791 319 (ut
808 265 843 306 est
861 263 978 314 educatio,

130 337 263 389 auctoritas,
283 333 442 396 experientia),
463 353 492 382 ex
510 340 622 383 sensitiva
639 342 711 398 parte
726 343 768 392 est,
788 341 845 383 dum
864 341 978 385 iudicium,

129 416 188 459 inter
203 417 260 460 haec
274 417 412 469 discernens,
427 421 454 460 ut
470 432 499 461 ex
512 418 539 461 iis
554 420 669 475 tanquam
682 422 746 462 certa
760 419 904 477 accipiantur
917 435 976 477 quae

128 509 182 537 cum
196 498 280 547 mente,
296 500 323 538 ut
337 489 474 553 simpliciter
488 496 592 540 humana
606 501 648 548 est,
664 500 800 554 congruunt,
818 499 848 541 ad
862 498 975 542 rationem

128 573 236 630 pertinet.
254 574 290 618 Sic
306 575 412 631 itaquel
421 575 598 632 dispositionem
613 576 749 620 sensitivam
761 593 770 617 r
785 576 809 619 in
825 578 978 633 sequentibus

129 652 262 709 accipimus.

534 801 577 849 §4
623 818 625 822 ·

376 931 411 968 De
440 930 535 968 elisione
549 930 742 978 probabilitatum

159 1057 208 1100 Etsi
221 1058 342 1102 corrtrrrriee
357 1057 473 1115 epirricrres
488 1057 513 1100 de
527 1056 827 1101 661161116111611151611116616
841 1057 912 1102 r'rresse
925 1073 971 1104 rrcrr

127 1140 227 1193 possrrrrt,
247 1135 360 1194 oppositae
378 1141 451 1180 terrere
469 1134 632 1193 probabilitatcs
651 1136 708 1179 ieter
725 1151 747 1179 se
765 1150 811 1180 rrerr
829 1141 913 1194 seraper
931 1138 969 1181 elr-

129 1214 218 1258 durrtur.

97 1279 98 1283 ¹
159 1294 222 1337 Haec
237 1293 364 1350 propositio
380 1307 409 1336 ex
424 1293 451 1335 iis
468 1307 526 1349 quae
542 1293 643 1335 diximus
659 1294 790 1338 ostenditur
805 1296 831 1336 ut
846 1294 957 1350 sequitur.

159 1373 195 1415 Ex
208 1372 275 1415 dictis
288 1374 360 1428 patet,
376 1385 422 1414 non
435 1385 484 1414 esse
497 1371 559 1414 idem
573 1371 664 1428 opirrerr'
676 1375 699 1414 et
713 1372 821 1429 explicite
835 1372 860 1415 re
872 1372 972 1429 prebebi-

129 1449 188 1493 lr'tete
200 1450 305 1494 eradicare.
319 1452 361 1494 Est
374 1450 435 1493 enim
449 1449 488 1506 qui
500 1449 614 1512 opinetur,
628 1464 669 1492 nec
682 1450 710 1493 de
723 1450 887 1507 probabilitate
900 1452 973 1507 expli·

123 1527 173 1571 'cite
186 1528 270 1571 iudicet
287 1528 336 1584 (seu
352 1543 356 1572 :
371 1532 425 1571 actu
439 1531 561 1584 cognoscat
575 1528 599 1570 id
614 1528 676 1584 quod
689 1529 760 1571 sentit
774 1542 822 1572 6556
836 1529 941 1585 probabil
956 1530 971 1587 ),

127 1607 167 1649 sed
177 1606 311 1663 simpliciter
321 1621 367 1649 non
377 1606 485 1649 cohibeat
496 1620 615 1649 assensum
626 1606 666 1663 qui
675 1606 882 1664 repraesentationi
890 1612 973 1664 sponte

127 1685 259 1728 comitatur.
278 1687 320 1729 Est
339 1685 410 1728 etiam
426 1685 502 1741 quiet
518 1685 626 1741 opinetur
641 1688 664 1727 et
678 1685 707 1728 de
720 1685 886 1742 probabilitate
899 1686 972 1742 expli-

126 1763 171 1806 cite
185 1764 269 1806 iudicet
287 1777 290 1806 :
306 1767 332 1806 ut
347 1777 401 1806 cum
416 1764 467 1819 quis
481 1763 551 1806 simul
565 1763 637 1806 habet
652 1763 755 1819 aliquam
769 1763 970 1815 existimationem,

126 1844 149 1884 et
168 1846 222 1885 actu
239 1824 325 1887 reflexo
346 1842 424 1900 (quem
442 1841 573 1898 experimur
590 1841 634 1883 tali
652 1841 819 1884 existimationi
836 1843 905 1899 plane
923 1841 972 1886 esse

125 1908 327 1977 compossibilem),
341 1921 428 1963 iudicat
442 1919 551 1977 possibile
564 1933 612 1965 rem
627 1919 693 1964 aliter
705 1934 729 1962 se
743 1920 827 1963 habere
838 1934 843 1972 ;
856 1920 910 1964 talis
923 1907 972 1977 opi-

125 2002 195 2042 natur
211 2002 234 2042 et
251 1999 294 2041 scit
310 2013 334 2042 se
351 1998 448 2055 opinari.
476 1999 521 2042 Sed
538 2001 572 2040 est
590 1998 688 2054 denique
705 1998 745 2054 qui
761 1999 789 2042 de
805 1998 971 2055 probabilitate

120 2077 212 2119 'iudicet
227 2091 268 2120 nec
281 2077 388 2134 opinetur
403 2091 407 2120 :
425 2080 451 2119 ut
464 2090 517 2119 cum
530 2076 581 2132 quis
594 2076 712 2133 experitur
723 2076 799 2121 varias
811 2077 835 2119 in
847 2080 970 2133 utramque

62 2138 66 2144 .
124 2159 215 2212 partem
230 2156 377 2212 apparentias
392 2169 520 2211 exsurgere,
536 2169 595 2210 quae
610 2155 669 2197 aliae
684 2155 740 2198 alias
754 2154 882 2207 inhibeant,
897 2169 925 2198 ne
939 2156 969 2199 sit

125 2247 237 2285 assensus,
253 2234 291 2277 vel
305 2234 376 2277 etiam
391 2247 445 2276 cum
460 2234 511 2289 quis
527 2233 644 2290 experitur
658 2247 682 2276 se
696 2233 846 2278 vehementer
860 2233 883 2276 in
898 2248 969 2276 unam

123 2316 214 2368 partem
227 2312 337 2363 inclinari,
351 2312 420 2355 simul
432 2304 512 2354 tamen
524 2311 622 2368 percipit
635 2311 788 2355 inclinationis
801 2311 862 2356 illius
875 2325 968 2355 causam

123 2391 147 2448 in
164 2390 297 2433 subiectivis
319 2390 354 2432 sui
371 2390 486 2433 individui
503 2389 693 2446 dispositionibus
711 2403 759 2432 esse
776 2389 853 2441 sitam,
876 2393 898 2433 et
916 2390 968 2434 ideo

119 2469 211 2513 'ratione
233 2469 325 2512 cohibet
348 2482 467 2512 assensum
490 2466 697 2526 aequilibriumque
719 2468 828 2512 restituit.
861 2469 927 2525 Quod
948 2468 967 2512 is

122 2561 169 2590 non
183 2547 298 2604 opinatur,
313 2550 378 2604 patet
391 2561 395 2599 ;
409 2546 461 2590 dico
475 2550 556 2590 tamen
569 2560 623 2589 eum
636 2546 664 2589 de
678 2545 843 2602 probabilitate
857 2546 966 2592 iudicare.

123 2627 180 2670 Cum
199 2626 260 2669 eninr
279 2625 381 2668 abstinet
400 2626 430 2669 ab
449 2625 573 2681 opinando,
594 2639 608 2667 a
626 2624 759 2667 subiectivis
777 2624 967 2682 dispositionibus

122 2704 245 2755 abstrahit,
268 2707 291 2747 et
313 2704 364 2747 ideo
386 2703 471 2747 desinit
494 2717 617 2761 cognoscere
638 2702 793 2761 probabilem
815 2704 855 2746 sed
876 2717 967 2760 semper

121 2782 241 2839 intellegit,
260 2783 280 2825 ei
299 2782 338 2838 qui
356 2782 388 2825 sic
406 2783 444 2825 vel
461 2782 493 2825 516
511 2782 639 2839 dispositus
657 2785 723 2832 esset,
743 2780 790 2826 iore
809 2784 835 2824 ut
854 2785 966 2838 appareat

121 2861 175 2904 talis
193 2862 230 2905 vel
247 2861 301 2903 talis
319 2874 372 2918 pars
391 2860 525 2917 probabilis,
544 2860 691 2917 probabilior,
710 2860 922 2917 probabilissima...
942 2864 965 2903 et

117 2940 152 3002 ¹sic
164 2953 210 2982 non
222 2939 305 2982 desinit
318 2953 441 2996 cognoscere
452 2938 622 2996 probabiliteies,
635 2939 679 2990 vel,
691 2938 710 2980 si
722 2939 750 2981 de
761 2938 877 2981 sententia
888 2939 965 3000 agitur

121 3033 180 3075 quae
193 3018 309 3062 videretur
321 3017 387 3061 unice
399 3018 534 3074 probabilis,
549 3026 673 3074 'cognoscere
685 3001 865 3074 probabilitatem.
880 3006 965 3061 Proba-
