1948 3333
372 582 478 627 ,CAPUT
497 583 530 627 IV

84 741 235 786 Afferuntur
257 753 305 796 pro
330 739 437 796 singulis
458 738 625 796 opinionibus
646 746 810 797 argumenta.

429 895 472 942 §L

296 1013 442 1059 Argumenta
456 1013 633 1060 Rigoristarum

61 1162 189 1220 Suppositis
200 1162 292 1206 duabus
303 1163 421 1206 sententiis
433 1177 532 1219 quarum
543 1163 617 1208 altera
625 1163 670 1220 legi
680 1162 754 1208 altera
763 1152 874 1212 libertati,

31 1246 58 1286 ut
80 1242 151 1292 aiunt,
175 1240 258 1284 «iavet
273 1258 288 1292 l,
310 1241 389 1284 dicunt
406 1240 649 1300 lull'oristaaahsoluti
667 1254 788 1298 nunquam
808 1239 876 1283 licere

31 1319 139 1377 amplecti
156 1318 288 1376 opinionem
305 1319 467 1377 benigniorem,
485 1318 530 1363 nisi
547 1319 640 1376 quando
656 1320 686 1363 sit
704 1323 778 1370 certam
794 1318 876 1362 dicunt

32 1397 128 1455 mitigati
141 1397 165 1440 id
180 1411 228 1440 non
243 1397 316 1450 licere,
333 1398 377 1441 nisi
392 1400 473 1442 eadem
488 1398 519 1441 sit
535 1397 720 1456 probabilissima.
737 1396 780 1442 His
797 1400 877 1440 autem
905 1405 907 1410 '
969 1405 971 1408 “

34 1475 173 1534 argumentis
188 1478 295 1528 utuntur,
311 1476 349 1520 vel
362 1476 445 1534 potius
455 1477 589 1528 utebantur,
605 1491 658 1520 curn
673 1477 719 1520 iarn
734 1477 759 1519 in
773 1475 878 1520 Ecclesia

32 1554 90 1599 nulii
105 1555 151 1597 sint
170 1568 174 1597 :
684 1549 686 1554 ’

63 1634 100 1676 Ex
116 1632 235 1689 Scriptura
252 1631 352 1690 allegant
369 1634 430 1677 locos
448 1634 570 1690 quosdam,
588 1637 614 1676 ut
632 1634 741 1685 NJuss„
753 1642 773 1688 5,
792 1645 876 1677 21-22:

35 1726 45 1750 1
55 1711 137 1755 Omnia
150 1711 256 1767 probate,
273 1712 335 1768 quod
349 1712 436 1755 bonum
451 1715 486 1755 est
501 1715 586 1764 tenete,
603 1712 633 1756 ab
647 1712 710 1755 omni
724 1712 799 1770 specie
814 1711 878 1753 mala

34 1788 147 1832 abstinete
162 1803 212 1833 vos.
225 1807 234 1830 l)

63 1868 99 1910 Ex
109 1868 130 1911 S.
141 1868 271 1925 Augustino
281 1871 304 1911 et
315 1869 336 1912 S⁴
347 1869 436 1913 Thoma
445 1869 562 1925 quaedam
572 1870 690 1913 adducunt
700 1882 771 1926 supra
779 1868 878 1913 laudata

35 1943 66 2001 (p.
81 1931 154 2000 31232,
168 1946 236 2003 not),
251 1946 335 1991 similia
348 1961 377 1990 ex
390 1948 446 1991 aliis.

64 2024 100 2066 Ex
114 2024 203 2068 ratione
221 2039 225 2069 :
243 2025 287 2084 Qui
302 2040 325 2068 se
341 2026 435 2083 exponit
450 2026 553 2083 periculo
564 2026 694 2070 laedendae
708 2025 771 2083 legis,
788 2026 877 2083 peccat.

34 2101 112 2156 Atqui,
134 2115 158 2145 se
171 2104 267 2160 exponit
281 2103 381 2160 periculo
403 2104 529 2148 laedendae
542 2104 597 2161 legis
611 2105 750 2161 quicumque
763 2117 811 2147 non
824 2107 879 2147 certo

34 2178 77 2221 scit
92 2178 136 2235 (vel
150 2194 154 2224 :
167 2195 215 2224 non
227 2181 409 2239 probabilissime!
422 2197 475 2225 curn
487 2183 542 2226 talis
554 2183 706 2241 probabilitas
718 2182 837 2228 simillima
849 2181 879 2225 sit

35 2257 176 2316 certitudini)
195 2273 219 2302 se
237 2274 284 2303 non
300 2261 373 2304 teneri
389 2261 537 2318 obligatione.
556 2263 624 2318 Ergo.

65 2336 107 2380 Vel
117 2337 149 2379 sic
162 2351 166 2381 :
180 2339 236 2381 «Ex
247 2339 354 2395 opinione
365 2343 458 2383 tantum
470 2339 620 2397 probabiliori
630 2340 658 2383 de
670 2340 793 2383 honestate
805 2338 880 2382 obiec-

36 2412 86 2455 tiva
99 2418 171 2467 actusy
185 2430 232 2459 non
245 2420 323 2474 potest
336 2418 429 2463 formari
442 2418 558 2462 conclusio
571 2418 674 2475 practica
685 2418 804 2463 moraliter
816 2420 881 2462 certa

37 2490 65 2533 de
77 2491 197 2538 honestate
209 2495 307 2548 formali,
320 2510 366 2539 non
377 2496 438 2540 enim
449 2500 527 2553 potest
539 2497 654 2540 conclusio
665 2510 713 2540 esse
725 2496 808 2542 certior
819 2495 881 2553 prin-

38 2568 104 2625 cipio.
117 2571 184 2629 Ergo.
197 2590 206 2614 l
232 2573 307 2630 (Hanc
319 2575 431 2619 rationem
442 2576 510 2618 affert
523 2579 546 2618 et
558 2575 664 2619 dissolvit
674 2575 781 2627 Bissuart,
807 2576 880 2618 Traci,

39 2645 64 2688 de
82 2649 164 2693 actibus
176 2652 289 2704 hermonis,
306 2653 413 2705 (1100111,
427 2657 470 2697 art.
485 2667 504 2708 3,
519 2654 555 2698 ed.
570 2655 692 2711 Letouzey,
705 2657 723 2698 1,
738 2651 769 2705 II,
783 2668 806 2711 p.
821 2652 880 2709 386).

69 2726 110 2770 Vel
124 2728 156 2771 sic
173 2744 178 2773 :
195 2731 340 2791 Quicumque
355 2733 519 2775 conscientiam
535 2733 621 2776 directe
636 2736 723 2775 certam
738 2746 786 2775 non
801 2731 881 2781 habet,

39 2802 108 2846 debet
123 2805 259 2862 (secundum
272 2810 385 2867 principia
397 2824 467 2868 supra
480 2810 577 2867 tradita)
593 2814 679 2854 certam
693 2825 744 2854 eam
758 2811 802 2854 sibi
816 2811 883 2855 01101-

40 2892 102 2925 mare
112 2885 224 2944 principio
235 2887 329 2932 reflexo.
342 2890 373 2934 Ut
385 2893 463 2932 autern
474 2889 614 2948 principium
624 2889 681 2933 illud
692 2889 805 2933 reflexum
816 2888 883 2933 certi-

40 2958 144 3004 tudinem
159 2966 312 3010 conscientiae
326 2967 421 3019 tribuaty
436 2968 505 3011 debet
520 2968 598 3025 ipsum
612 2981 659 3011 esse
674 2971 769 3013 certum.
786 2967 883 3011 Nullum
