2068 3413
107 135 135 182 72
334 136 502 178 QUAEsriouus
519 137 551 168 DE
567 136 729 168 CONSCIENTIA

106 278 239 322 huiusmodi
254 277 337 322 habitu
351 278 426 323 utitur
440 279 470 321 ad
484 279 621 336 eligendum,
636 280 678 322 scit
693 294 717 323 se
731 279 855 322 veritatem
869 280 953 337 practi-
1020 321 1021 325 ,

106 371 158 400 cam
173 356 297 413 possidere,
314 339 372 413 quae
387 357 410 399 in
427 374 435 397 a
444 357 606 400 coniormitate
621 372 673 401 cum
689 358 797 415 appetitu
812 362 874 401 recto
887 376 895 399 a
908 358 954 401 sita

107 440 142 479 est
161 435 203 492 (cir
218 449 296 492 supra,
313 450 336 492 p.
355 435 437 493 17-18),
455 440 477 479 et
493 436 545 479 ideo
561 436 724 480 certitudinem
740 437 764 479 in
780 437 884 494 eligendo
901 451 953 479 cum
1020 492 1022 494 p

107 515 216 558 libertate
232 514 359 571 coniungit.
1021 497 1023 504 Α

136 595 203 637 Bona
214 592 284 649 igitur
296 592 417 650 dispositio
429 593 540 644 sensitivi,
553 608 612 650 quae
624 598 659 637 est
670 593 764 637 moralis
776 594 859 645 virtus,
872 620 901 626 ψ
912 582 955 637 etsi
1022 596 1024 599 ’

108 686 155 714 non
165 675 243 729 potest
253 672 287 714 ita
298 685 311 714 a
320 671 423 715 subiecto
434 672 541 728 separari,
553 676 578 715 ut
589 672 617 716 de
627 687 654 716 ea
663 677 777 729 tanquam
787 673 815 716 de
825 687 849 715 re
860 677 956 716 externa
1019 687 1026 727 ζμ

108 750 202 802 iudicet,
218 764 271 793 cum
285 751 338 807 ipsa
351 750 482 794 subiectum
496 751 599 794 iudicans
615 750 762 808 aliquatenus
777 750 912 802 constituat,
928 778 967 803 -.
1023 771 1026 779 ·=

109 832 256 872 nontamen
275 829 373 886 impedit
393 828 504 873 iudicium
523 829 581 873 illud
600 830 628 872 de
648 830 799 886 dispositione
819 829 955 880 subiectiva,

110 908 173 964 quod
191 907 292 951 diximus
310 908 464 951 necessarium
482 922 530 951 esse
548 909 577 951 ad
595 922 661 953 veras
678 908 856 965 probabilitates
875 909 957 952 discer-
1023 921 1025 924 ’

110 986 206 1037 nendas,
224 987 265 1029 sed
281 986 340 1031 illud
357 987 431 1029 multo
449 986 579 1043 expeditius
596 986 727 1043 certiusque
744 987 827 1038 reddit,
845 1000 957 1043 cumpro
1021 985 1025 1007 ³

111 1065 235 1108 collatione
248 1064 357 1108 rationali
370 1056 574 1121 experimentalem
588 1066 706 1120 quandam
720 1066 892 1122 perceptionem
905 1065 958 1108 sub·
1023 1064 1026 1110 [3

111 1144 204 1187 stituat.
221 1144 272 1187 Hoc
287 1144 366 1202 itaque
381 1142 530 1194 intendimus
546 1157 598 1186 cum
613 1144 711 1187 dicimus
727 1144 751 1188 in
769 1147 857 1189 asserto
878 1147 957 1186 nostro

113 1221 224 1265 iudicium
245 1222 274 1265 de
294 1221 445 1279 dispositione
465 1222 576 1265 sensitiva
595 1225 656 1267 recte
679 1222 728 1268 fieri
748 1236 792 1279 ope
813 1222 957 1280 prudentiae.
1023 1251 1026 1283 1

115 1300 243 1345 Prudentia
259 1301 327 1352 enim,
346 1304 372 1343 ut
389 1304 424 1343 est
442 1304 511 1344 antea
527 1301 676 1358 explicatum,
695 1300 844 1359 consequitur
860 1301 959 1344 virtutes
1028 1349 1030 1351 ¹

114 1378 220 1430 morales,
241 1383 263 1422 et
281 1379 369 1422 iudicat
388 1379 416 1422 de
435 1380 532 1436 propriis
551 1379 673 1436 agibilibus
692 1379 790 1424 subiecti
811 1379 857 1437 (Cir
881 1393 958 1435 supra,

114 1473 137 1514 r>-
155 1470 189 1509 12,
207 1472 230 1514 p-
249 1457 293 1514 1ssl-
880 1517 884 1521 ,

145 1536 189 1593 Qui
199 1535 270 1593 igitur
280 1535 404 1593 prudentia
414 1536 533 1593 praeditus
544 1539 579 1579 est
589 1536 646 1579 satis
657 1537 780 1592 exquisita,
792 1535 894 1580 naturali
905 1549 960 1593 quo·

114 1616 170 1658 dam
181 1617 248 1657 motu
259 1618 282 1657 et
295 1628 308 1656 a
319 1614 388 1670 priori
400 1615 506 1658 excludet
518 1617 631 1671 tanquam
642 1615 686 1658 sibi
697 1615 852 1672 displicentes,
865 1614 961 1671 disposi-

115 1693 189 1736 tiones
206 1693 257 1737 illas
274 1693 396 1736 sensitivas
414 1707 472 1749 quae
489 1707 542 1740 cum
558 1694 646 1737 virtute
662 1707 709 1736 non
726 1694 875 1750 quadrarent,
893 1696 916 1736 et
933 1706 959 1735 eo
1025 1677 1034 1757 f

115 1773 192 1828 plures
212 1785 284 1827 eoque
304 1771 446 1823 venialiores,
467 1786 512 1827 quo
532 1771 574 1816 erit
593 1772 736 1829 prudentior.
761 1772 797 1816 Sic
816 1773 895 1830 itaque
915 1785 961 1826 quo

115 1850 189 1906 magis
204 1853 290 1893 crescet
305 1849 328 1891 in
342 1849 445 1892 subiecto
460 1850 534 1893 virtus
549 1850 649 1901 moralis,
665 1864 724 1906 quae
739 1851 830 1907 perficit
844 1849 961 1906 potentias

116 1928 239 1972 sensitivas
251 1928 400 1985 appetitivas,
418 1942 443 1971 ac
459 1928 588 1984 prudentia,
608 1943 666 1985 quae
680 1943 704 1971 se
718 1929 823 1972 extendit
839 1942 912 1984 usque
933 1928 962 1970 ad

117 2021 207 2051 seusam
218 2006 334 2049 internum
344 2006 377 2063 (ut
389 2007 456 2050 docet
468 2006 589 2063 Angelicus
601 2010 654 2063 post
667 2006 871 2063 Philosophumin
883 2013 908 2051 2a
919 2013 961 2057 ΖΜ,

118 2099 140 2141 q,
153 2097 188 2141 47,
202 2100 221 2127 a.
235 2098 255 2139 3,
274 2085 303 2128 ad
319 2084 349 2141 3),
368 2098 394 2127 eo
413 2085 487 2127 minor
503 2086 542 2128 fiet
558 2085 582 2127 in
599 2086 681 2129 eodem
698 2085 801 2129 subiecto
824 2085 963 2128 incertitudo

117 2163 290 2220 probabilitatis
312 2163 379 2219 (quae
399 2163 505 2219 provenit
521 2177 550 2206 ex
567 2164 784 2209 indeterminatione
799 2164 873 2221 partis
886 2163 963 2206 sensi·
1029 2182 1034 2219 ς

118 2243 182 2285 tivae
198 2242 228 2284 ad
244 2242 374 2291 veritatem,
391 2241 439 2301 sive
461 2241 562 2298 generice
583 2246 702 2298 spectatur
717 2242 765 2286 sive
781 2242 962 2292 individualiter,
1030 2240 1032 2242 ’

119 2324 145 2363 ut
158 2320 258 2363 habetur
274 2334 303 2363 ex
319 2333 390 2376 supra
406 2320 516 2376 traditis).

150 2398 195 2456 Qui
204 2401 282 2441 autem
293 2414 301 2437 a
310 2411 390 2440 sensus
402 2415 410 2438 n
418 2412 464 2440 non
473 2398 592 2441 habebunt
601 2398 634 2440 ita
644 2415 652 2438 «
662 2399 800 2443 exercitatos
810 2399 839 2441 ad
848 2398 964 2442 discretio·
1032 2439 1034 2442 .

119 2491 173 2520 nem
187 2476 243 2519 boni
257 2480 280 2519 et
295 2475 371 2518 mali»
384 2475 475 2532 saepius
490 2476 513 2518 in
527 2475 652 2519 moralibus
668 2476 824 2527 haesitabunt,
840 2477 888 2520 sive
903 2477 964 2532 quod
1030 2484 1033 2508 ἵ

120 2558 250 2613 peccatum,
262 2554 398 2611 praesertim
409 2555 465 2605 leve,
478 2568 524 2597 non
536 2554 601 2598 facile
613 2555 766 2612 expediteque
777 2555 913 2612 percipiant,
925 2555 965 2598 ubi
1031 2596 1034 2607 Τ

121 2634 189 2684 adsit,
207 2633 255 2677 sive
272 2634 341 2689 quod,
359 2633 481 2676 timoribus
498 2633 586 2690 agitati,
603 2637 725 2689 peccatum
747 2634 779 2677 ibi
796 2634 876 2677 adesse
892 2633 965 2690 suspi-

121 2716 209 2775 centur,
224 2713 285 2755 unde
300 2712 367 2755 absit,
384 2712 414 2754 lis
428 2711 497 2769 igitur
511 2726 568 2768 opus
582 2712 631 2763 erit,
646 2727 686 2769 per
699 2727 729 2764 se,
744 2712 830 2755 maiore
844 2711 966 2756 collatione

121 2790 229 2834 rationali
243 2791 272 2833 ad
286 2791 408 2846 agendum,
421 2804 474 2833 cum
487 2790 575 2832 facilius
591 2790 639 2833 fieri
651 2791 724 2847 possit
737 2794 764 2834 ut
776 2790 870 2834 motivis
883 2790 966 2837 inordi-
1032 2776 1033 2797 ³

122 2869 183 2912 natis
199 2869 318 2925 (implicite
332 2868 423 2925 saltem)
438 2871 575 2911 moveantur
589 2869 618 2912 acl
632 2869 764 2926 opinionem
778 2869 888 2925 aliquam,
902 2883 966 2925 prae·
1032 2853 1034 2903 i

121 2948 202 2992 sertim
221 2947 240 2989 si
258 2947 288 2989 sit
308 2946 433 3003 benignior,
454 2947 646 3003 amplectendam,
666 2974 696 2979 —
714 2961 768 2990 cum
787 2948 858 2991 etiam
877 2947 967 2991 lacilius

122 3027 227 3083 ignorent
246 3025 362 3082 generalia
378 3025 497 3081 principia,
515 3025 562 3068 sive
580 3026 709 3076 rationalia,
727 3026 775 3068 sive
793 3026 847 3071 iuris
865 3025 966 3082 positivi,
