<?xml version="1.0" encoding="UTF-8"?>
<!DOCTYPE html PUBLIC "-//W3C//DTD XHTML 1.0 Transitional//EN"
    "http://www.w3.org/TR/xhtml1/DTD/xhtml1-transitional.dtd">
<html xmlns="http://www.w3.org/1999/xhtml" xml:lang="en" lang="en">
 <head>
  <title>
</title>
<meta http-equiv="Content-Type" content="text/html;charset=utf-8" />
  <meta name='ocr-system' content='tesseract 3.04.00' />
  <meta name='ocr-capabilities' content='ocr_page ocr_carea ocr_par ocr_line ocrx_word'/>
</head>
<body>
  <div class='ocr_page' id='page_1' title='image "MN5032ucmf_0_0064.png"; bbox 0 0 2068 3413; ppageno 0'>
   <div class='ocr_carea' id='block_1_1' title="bbox 160 142 781 206">
    <p class='ocr_par' dir='ltr' id='par_1_1' title="bbox 160 142 781 206">
     <span class='ocr_line' id='line_1_1' title="bbox 160 142 781 206; baseline 0.003 -20"><span class='ocrx_word' id='word_1_1' title='bbox 160 142 190 198; x_wconf 81' lang='lat'>48</span> <span class='ocrx_word' id='word_1_2' title='bbox 385 154 552 206; x_wconf 76' lang='lat' dir='ltr'>ounnsrrours</span> <span class='ocrx_word' id='word_1_3' title='bbox 569 156 602 187; x_wconf 77' lang='lat' dir='ltr'>ou</span> <span class='ocrx_word' id='word_1_4' title='bbox 618 155 781 188; x_wconf 80' lang='lat' dir='ltr'>couscruurm</span> 
     </span>
    </p>
   </div>
   <div class='ocr_carea' id='block_1_2' title="bbox 152 295 1025 2080">
    <p class='ocr_par' dir='ltr' id='par_1_2' title="bbox 152 295 1005 746">
     <span class='ocr_line' id='line_1_2' title="bbox 155 295 1005 357; baseline 0.002 -19"><span class='ocrx_word' id='word_1_5' title='bbox 155 300 197 353; x_wconf 72' lang='lat' dir='ltr'>op.</span> <span class='ocrx_word' id='word_1_6' title='bbox 216 295 258 347; x_wconf 74' lang='lat' dir='ltr'>cit,</span> <span class='ocrx_word' id='word_1_7' title='bbox 275 311 297 354; x_wconf 91' lang='lat' dir='ltr'>p.</span> <span class='ocrx_word' id='word_1_8' title='bbox 312 296 347 353; x_wconf 80' lang='lat'>96)</span> <span class='ocrx_word' id='word_1_9' title='bbox 361 297 401 347; x_wconf 85' lang='lat' dir='ltr'>ita,</span> <span class='ocrx_word' id='word_1_10' title='bbox 421 297 514 352; x_wconf 88' lang='lat' dir='ltr'>quando</span> <span class='ocrx_word' id='word_1_11' title='bbox 531 296 649 353; x_wconf 79' lang='lat' dir='ltr'>opiniones</span> <span class='ocrx_word' id='word_1_12' title='bbox 665 300 719 340; x_wconf 91' lang='lat' dir='ltr'>sunt</span> <span class='ocrx_word' id='word_1_13' title='bbox 734 312 805 356; x_wconf 87' lang='lat' dir='ltr'>aeque</span> <span class='ocrx_word' id='word_1_14' title='bbox 820 298 858 340; x_wconf 87' lang='lat' dir='ltr'>vel</span> <span class='ocrx_word' id='word_1_15' title='bbox 872 298 918 343; x_wconf 86' lang='lat' dir='ltr'>iere</span> <span class='ocrx_word' id='word_1_16' title='bbox 931 311 1005 357; x_wconf 82' lang='lat' dir='ltr'>aeque</span> 
     </span>
     <span class='ocr_line' id='line_1_3' title="bbox 161 374 1005 434; baseline 0.004 -18"><span class='ocrx_word' id='word_1_17' title='bbox 161 374 299 431; x_wconf 68' lang='lat' dir='ltr'>probabiles</span> <span class='ocrx_word' id='word_1_18' title='bbox 310 375 439 433; x_wconf 77' lang='lat' dir='ltr'>requiritur,</span> <span class='ocrx_word' id='word_1_19' title='bbox 447 379 500 432; x_wconf 89' lang='lat' dir='ltr'>post</span> <span class='ocrx_word' id='word_1_20' title='bbox 512 375 656 419; x_wconf 86' lang='lat' dir='ltr'>dubietatem</span> <span class='ocrx_word' id='word_1_21' title='bbox 669 375 769 434; x_wconf 84' lang='lat' dir='ltr'>legissic</span> <span class='ocrx_word' id='word_1_22' title='bbox 779 376 903 433; x_wconf 73' lang='lat' dir='ltr'><strong>cognitam,</strong></span> <span class='ocrx_word' id='word_1_23' title='bbox 917 390 1005 420; x_wconf 79' lang='lat' dir='ltr'>novum</span> 
     </span>
     <span class='ocr_line' id='line_1_4' title="bbox 161 453 1003 511; baseline 0.002 -15"><span class='ocrx_word' id='word_1_24' title='bbox 161 453 300 510; x_wconf 82' lang='lat' dir='ltr'>principium</span> <span class='ocrx_word' id='word_1_25' title='bbox 314 453 432 505; x_wconf 84' lang='lat' dir='ltr'>reflexum,</span> <span class='ocrx_word' id='word_1_26' title='bbox 449 457 475 496; x_wconf 86' lang='lat' dir='ltr'>ut</span> <span class='ocrx_word' id='word_1_27' title='bbox 494 457 589 499; x_wconf 84' lang='lat' dir='ltr'>exeatur</span> <span class='ocrx_word' id='word_1_28' title='bbox 604 455 632 498; x_wconf 90' lang='lat' dir='ltr'>de</span> <span class='ocrx_word' id='word_1_29' title='bbox 650 454 693 497; x_wconf 84' lang='lat' dir='ltr'>tali</span> <span class='ocrx_word' id='word_1_30' title='bbox 708 454 778 498; x_wconf 88' lang='lat' dir='ltr'>dubio</span> <span class='ocrx_word' id='word_1_31' title='bbox 802 453 843 511; x_wconf 79' lang='lat' dir='ltr'>(cir</span> <span class='ocrx_word' id='word_1_32' title='bbox 861 455 1003 507; x_wconf 86' lang='lat' dir='ltr'>Beaudouin,</span> 
     </span>
     <span class='ocr_line' id='line_1_5' title="bbox 152 530 1004 589; baseline 0.002 -15"><span class='ocrx_word' id='word_1_33' title='bbox 152 530 223 583; x_wconf 59' lang='lat' dir='ltr'>thiu,</span> <span class='ocrx_word' id='word_1_34' title='bbox 240 532 327 589; x_wconf 79' lang='lat' dir='ltr'>prro)</span> <span class='ocrx_word' id='word_1_35' title='bbox 345 535 368 575; x_wconf 90' lang='lat' dir='ltr'>et</span> <span class='ocrx_word' id='word_1_36' title='bbox 387 532 418 575; x_wconf 92' lang='lat' dir='ltr'>sic</span> <span class='ocrx_word' id='word_1_37' title='bbox 432 533 527 576; x_wconf 85' lang='lat' dir='ltr'>tandem</span> <span class='ocrx_word' id='word_1_38' title='bbox 546 533 687 576; x_wconf 88' lang='lat' dir='ltr'>conscientia</span> <span class='ocrx_word' id='word_1_39' title='bbox 703 534 842 579; x_wconf 77' lang='lat' dir='ltr'>efformetur,</span> <span class='ocrx_word' id='word_1_40' title='bbox 861 535 911 578; x_wconf 90' lang='lat' dir='ltr'>Hoc</span> <span class='ocrx_word' id='word_1_41' title='bbox 925 538 1004 577; x_wconf 86' lang='lat' dir='ltr'>autem</span> 
     </span>
     <span class='ocr_line' id='line_1_6' title="bbox 161 610 1005 669; baseline 0.004 -17"><span class='ocrx_word' id='word_1_42' title='bbox 161 624 248 654; x_wconf 85' lang='lat' dir='ltr'>novum</span> <span class='ocrx_word' id='word_1_43' title='bbox 262 610 400 667; x_wconf 88' lang='lat' dir='ltr'>principium</span> <span class='ocrx_word' id='word_1_44' title='bbox 410 610 523 654; x_wconf 83' lang='lat' dir='ltr'>reflexum</span> <span class='ocrx_word' id='word_1_45' title='bbox 540 612 582 656; x_wconf 90' lang='lat' dir='ltr'>erit</span> <span class='ocrx_word' id='word_1_46' title='bbox 595 611 734 669; x_wconf 89' lang='lat' dir='ltr'>principium</span> <span class='ocrx_word' id='word_1_47' title='bbox 748 612 897 669; x_wconf 80' lang='lat' dir='ltr'>possessionis</span> <span class='ocrx_word' id='word_1_48' title='bbox 910 626 914 656; x_wconf 89' lang='lat'>:</span> <span class='ocrx_word' id='word_1_49' title='bbox 926 611 1005 656; x_wconf 91' lang='lat' dir='ltr'>melio-</span> 
     </span>
     <span class='ocr_line' id='line_1_7' title="bbox 159 689 617 746; baseline 0 -13"><span class='ocrx_word' id='word_1_50' title='bbox 159 702 209 733; x_wconf 85' lang='lat' dir='ltr'>rem</span> <span class='ocrx_word' id='word_1_51' title='bbox 225 703 273 732; x_wconf 87' lang='lat' dir='ltr'>esse</span> <span class='ocrx_word' id='word_1_52' title='bbox 298 689 455 732; x_wconf 82' lang='lat' dir='ltr'>condicionem</span> <span class='ocrx_word' id='word_1_53' title='bbox 470 690 617 746; x_wconf 89' lang='lat' dir='ltr'>possidentis.</span> 
     </span>
    </p>

    <p class='ocr_par' dir='ltr' id='par_1_3' title="bbox 158 768 1006 1296">
     <span class='ocr_line' id='line_1_8' title="bbox 191 768 1003 826; baseline 0.001 -14"><span class='ocrx_word' id='word_1_54' title='bbox 191 769 257 812; x_wconf 90' lang='lat' dir='ltr'>Unde</span> <span class='ocrx_word' id='word_1_55' title='bbox 273 768 341 811; x_wconf 89' lang='lat' dir='ltr'>valde</span> <span class='ocrx_word' id='word_1_56' title='bbox 356 768 455 811; x_wconf 79' lang='lat' dir='ltr'>dilucide</span> <span class='ocrx_word' id='word_1_57' title='bbox 472 769 494 812; x_wconf 84' lang='lat' dir='ltr'>S.</span> <span class='ocrx_word' id='word_1_58' title='bbox 511 769 644 825; x_wconf 88' lang='lat' dir='ltr'>Alphonsus</span> <span class='ocrx_word' id='word_1_59' title='bbox 662 769 744 826; x_wconf 78' lang='lat' dir='ltr'>(Tlrool.</span> <span class='ocrx_word' id='word_1_60' title='bbox 761 770 829 820; x_wconf 65' lang='lat' dir='ltr'>Mon,</span> <span class='ocrx_word' id='word_1_61' title='bbox 845 769 885 813; x_wconf 82' lang='lat' dir='ltr'>lib.</span> <span class='ocrx_word' id='word_1_62' title='bbox 903 771 921 821; x_wconf 78' lang='lat' dir='ltr'>L</span> <span class='ocrx_word' id='word_1_63' title='bbox 933 772 967 815; x_wconf 87' lang='lat' dir='ltr'>tr.</span> <span class='ocrx_word' id='word_1_64' title='bbox 984 771 1003 820; x_wconf 75' lang='grc' dir='ltr'>Ι,</span> 
     </span>
     <span class='ocr_line' id='line_1_9' title="bbox 159 846 1003 905; baseline 0.001 -16"><span class='ocrx_word' id='word_1_65' title='bbox 159 846 187 889; x_wconf 73' lang='lat' dir='ltr'>de</span> <span class='ocrx_word' id='word_1_66' title='bbox 199 846 345 897; x_wconf 62' lang='lat' dir='ltr'>Conscientia</span> <span class='ocrx_word' id='word_1_67' title='bbox 357 861 379 889; x_wconf 94' lang='lat' dir='ltr'>n.</span> <span class='ocrx_word' id='word_1_68' title='bbox 393 846 428 903; x_wconf 80' lang='lat'>26)</span> <span class='ocrx_word' id='word_1_69' title='bbox 443 861 447 891; x_wconf 90' lang='grc'>;</span> <span class='ocrx_word' id='word_1_70' title='bbox 461 863 469 886; x_wconf 81' lang='lat' dir='ltr'>r</span> <span class='ocrx_word' id='word_1_71' title='bbox 480 848 589 905; x_wconf 76' lang='lat' dir='ltr'>Quaestio</span> <span class='ocrx_word' id='word_1_72' title='bbox 600 851 695 890; x_wconf 83' lang='lat' dir='ltr'>tantum</span> <span class='ocrx_word' id='word_1_73' title='bbox 706 862 754 891; x_wconf 89' lang='lat' dir='ltr'>esse</span> <span class='ocrx_word' id='word_1_74' title='bbox 765 851 843 905; x_wconf 88' lang='lat' dir='ltr'>potest</span> <span class='ocrx_word' id='word_1_75' title='bbox 855 863 885 890; x_wconf 87' lang='lat' dir='ltr'>an</span> <span class='ocrx_word' id='word_1_76' title='bbox 896 848 920 890; x_wconf 94' lang='lat' dir='ltr'>in</span> <span class='ocrx_word' id='word_1_77' title='bbox 931 848 1003 904; x_wconf 87' lang='lat' dir='ltr'>quoli-</span> 
     </span>
     <span class='ocr_line' id='line_1_10' title="bbox 159 925 1003 983; baseline 0.002 -16"><span class='ocrx_word' id='word_1_78' title='bbox 159 925 200 967; x_wconf 90' lang='lat' dir='ltr'>bet</span> <span class='ocrx_word' id='word_1_79' title='bbox 219 925 289 968; x_wconf 91' lang='lat' dir='ltr'>dubio</span> <span class='ocrx_word' id='word_1_80' title='bbox 308 925 390 968; x_wconf 85' lang='lat' dir='ltr'>morali</span> <span class='ocrx_word' id='word_1_81' title='bbox 407 925 524 982; x_wconf 87' lang='lat' dir='ltr'>possideat</span> <span class='ocrx_word' id='word_1_82' title='bbox 543 926 581 970; x_wconf 81' lang='lat' dir='ltr'>lex</span> <span class='ocrx_word' id='word_1_83' title='bbox 600 929 639 968; x_wconf 92' lang='lat' dir='ltr'>aut</span> <span class='ocrx_word' id='word_1_84' title='bbox 658 926 1003 983; x_wconf 80' lang='lat' dir='ltr'>libertas·-Antiprobabilistae</span> 
     </span>
     <span class='ocr_line' id='line_1_11' title="bbox 158 1003 1003 1062; baseline 0.002 -17"><span class='ocrx_word' id='word_1_85' title='bbox 158 1003 240 1046; x_wconf 85' lang='lat' dir='ltr'>dicunt</span> <span class='ocrx_word' id='word_1_86' title='bbox 250 1017 340 1060; x_wconf 89' lang='lat' dir='ltr'>semper</span> <span class='ocrx_word' id='word_1_87' title='bbox 348 1004 421 1060; x_wconf 81' lang='lat' dir='ltr'>legem</span> <span class='ocrx_word' id='word_1_88' title='bbox 431 1005 546 1060; x_wconf 90' lang='lat' dir='ltr'>possidere</span> <span class='ocrx_word' id='word_1_89' title='bbox 557 1018 562 1055; x_wconf 85' lang='lat'>;</span> <span class='ocrx_word' id='word_1_90' title='bbox 572 1018 614 1047; x_wconf 93' lang='lat' dir='ltr'>nos</span> <span class='ocrx_word' id='word_1_91' title='bbox 624 1018 678 1049; x_wconf 80' lang='lat' dir='ltr'>vero</span> <span class='ocrx_word' id='word_1_92' title='bbox 688 1005 786 1047; x_wconf 83' lang='lat' dir='ltr'>dicimus</span> <span class='ocrx_word' id='word_1_93' title='bbox 797 1005 921 1062; x_wconf 85' lang='lat' dir='ltr'>aliquando</span> <span class='ocrx_word' id='word_1_94' title='bbox 931 1005 1003 1061; x_wconf 90' lang='lat' dir='ltr'>possi-</span> 
     </span>
     <span class='ocr_line' id='line_1_12' title="bbox 158 1082 1003 1140; baseline 0.001 -16"><span class='ocrx_word' id='word_1_95' title='bbox 158 1082 213 1127; x_wconf 90' lang='lat' dir='ltr'>dere</span> <span class='ocrx_word' id='word_1_96' title='bbox 225 1083 305 1139; x_wconf 83' lang='lat' dir='ltr'>legem,</span> <span class='ocrx_word' id='word_1_97' title='bbox 320 1082 443 1138; x_wconf 86' lang='lat' dir='ltr'>aliquando</span> <span class='ocrx_word' id='word_1_98' title='bbox 455 1082 594 1133; x_wconf 85' lang='lat' dir='ltr'>libertatem,</span> <span class='ocrx_word' id='word_1_99' title='bbox 608 1097 692 1140; x_wconf 88' lang='lat' dir='ltr'>nempe</span> <span class='ocrx_word' id='word_1_100' title='bbox 704 1097 757 1126; x_wconf 86' lang='lat' dir='ltr'>cum</span> <span class='ocrx_word' id='word_1_101' title='bbox 770 1083 808 1126; x_wconf 81' lang='lat' dir='ltr'>lex</span> <span class='ocrx_word' id='word_1_102' title='bbox 820 1097 866 1125; x_wconf 93' lang='lat' dir='ltr'>non</span> <span class='ocrx_word' id='word_1_103' title='bbox 879 1086 913 1126; x_wconf 91' lang='lat' dir='ltr'>est</span> <span class='ocrx_word' id='word_1_104' title='bbox 927 1084 1003 1126; x_wconf 87' lang='lat' dir='ltr'>adhuc</span> 
     </span>
     <span class='ocr_line' id='line_1_13' title="bbox 158 1160 1003 1218; baseline 0.004 -16"><span class='ocrx_word' id='word_1_105' title='bbox 158 1161 308 1217; x_wconf 81' lang='lat' dir='ltr'>promulgata</span> <span class='ocrx_word' id='word_1_106' title='bbox 319 1174 342 1212; x_wconf 72' lang='grc' dir='ltr'>»ς</span> <span class='ocrx_word' id='word_1_107' title='bbox 365 1160 530 1218; x_wconf 88' lang='lat' dir='ltr'>probabilistae</span> <span class='ocrx_word' id='word_1_108' title='bbox 554 1164 632 1204; x_wconf 85' lang='lat' dir='ltr'>autem</span> <span class='ocrx_word' id='word_1_109' title='bbox 655 1162 751 1204; x_wconf 85' lang='lat' dir='ltr'>credunt</span> <span class='ocrx_word' id='word_1_110' title='bbox 774 1175 865 1218; x_wconf 86' lang='lat' dir='ltr'>semper</span> <span class='ocrx_word' id='word_1_111' title='bbox 886 1161 1003 1218; x_wconf 90' lang='lat' dir='ltr'>possidere</span> 
     </span>
     <span class='ocr_line' id='line_1_14' title="bbox 160 1235 1006 1296; baseline 0.002 -16"><span class='ocrx_word' id='word_1_112' title='bbox 160 1239 300 1284; x_wconf 83' lang='lat' dir='ltr'>libertatem.</span> <span class='ocrx_word' id='word_1_113' title='bbox 905 1235 907 1238; x_wconf 62' lang='grc'>’</span> <span class='ocrx_word' id='word_1_114' title='bbox 1004 1293 1006 1296; x_wconf 16' lang='lat' dir='ltr'>v</span> 
     </span>
    </p>

    <p class='ocr_par' dir='ltr' id='par_1_4' title="bbox 157 1316 1025 2080">
     <span class='ocr_line' id='line_1_15' title="bbox 190 1316 1002 1375; baseline -0.001 -14"><span class='ocrx_word' id='word_1_115' title='bbox 190 1316 246 1361; x_wconf 84' lang='lat' dir='ltr'>Aliis</span> <span class='ocrx_word' id='word_1_116' title='bbox 262 1318 346 1362; x_wconf 82' lang='lat' dir='ltr'>verbis.</span> <span class='ocrx_word' id='word_1_117' title='bbox 364 1317 504 1375; x_wconf 90' lang='lat' dir='ltr'>Principium</span> <span class='ocrx_word' id='word_1_118' title='bbox 521 1321 555 1361; x_wconf 91' lang='lat' dir='ltr'>est</span> <span class='ocrx_word' id='word_1_119' title='bbox 573 1317 827 1375; x_wconf 86' lang='lat' dir='ltr'>antiprobabilistarum</span> <span class='ocrx_word' id='word_1_120' title='bbox 846 1317 878 1361; x_wconf 75' lang='lat' dir='ltr'>:n</span> <span class='ocrx_word' id='word_1_121' title='bbox 888 1318 1002 1362; x_wconf 91' lang='lat' dir='ltr'>Nihilest</span> 
     </span>
     <span class='ocr_line' id='line_1_16' title="bbox 159 1395 1003 1454; baseline -0.001 -16"><span class='ocrx_word' id='word_1_122' title='bbox 159 1395 257 1454; x_wconf 86' lang='lat' dir='ltr'>licitum,</span> <span class='ocrx_word' id='word_1_123' title='bbox 275 1396 319 1439; x_wconf 94' lang='lat' dir='ltr'>nisi</span> <span class='ocrx_word' id='word_1_124' title='bbox 336 1397 397 1452; x_wconf 90' lang='lat' dir='ltr'>quod</span> <span class='ocrx_word' id='word_1_125' title='bbox 413 1396 530 1441; x_wconf 70' lang='lat' dir='ltr'>moraliter</span> <span class='ocrx_word' id='word_1_126' title='bbox 546 1400 638 1439; x_wconf 86' lang='lat' dir='ltr'>constat</span> <span class='ocrx_word' id='word_1_127' title='bbox 656 1411 669 1439; x_wconf 82' lang='lat' dir='ltr'>a</span> <span class='ocrx_word' id='word_1_128' title='bbox 685 1399 734 1441; x_wconf 90' lang='lat' dir='ltr'>Deo</span> <span class='ocrx_word' id='word_1_129' title='bbox 751 1396 820 1439; x_wconf 87' lang='lat' dir='ltr'>luisse</span> <span class='ocrx_word' id='word_1_130' title='bbox 837 1397 982 1453; x_wconf 88' lang='lat' dir='ltr'>permissum.</span> <span class='ocrx_word' id='word_1_131' title='bbox 994 1414 1003 1437; x_wconf 76' lang='lat' dir='ltr'>i&gt;</span> 
     </span>
     <span class='ocr_line' id='line_1_17' title="bbox 161 1475 1002 1531; baseline 0 -14"><span class='ocrx_word' id='word_1_132' title='bbox 161 1475 304 1531; x_wconf 85' lang='lat' dir='ltr'>Principium</span> <span class='ocrx_word' id='word_1_133' title='bbox 329 1478 363 1517; x_wconf 89' lang='lat' dir='ltr'>est</span> <span class='ocrx_word' id='word_1_134' title='bbox 386 1475 613 1531; x_wconf 87' lang='lat' dir='ltr'>probabilistarum:</span> <span class='ocrx_word' id='word_1_135' title='bbox 640 1475 729 1518; x_wconf 80' lang='lat' dir='ltr'>«Nihil</span> <span class='ocrx_word' id='word_1_136' title='bbox 754 1478 788 1517; x_wconf 87' lang='lat' dir='ltr'>est</span> <span class='ocrx_word' id='word_1_137' title='bbox 817 1475 930 1525; x_wconf 84' lang='lat' dir='ltr'>illicitum,</span> <span class='ocrx_word' id='word_1_138' title='bbox 958 1475 1002 1517; x_wconf 91' lang='lat' dir='ltr'>nisi</span> 
     </span>
     <span class='ocr_line' id='line_1_18' title="bbox 161 1540 1000 1609; baseline 0 -14"><span class='ocrx_word' id='word_1_139' title='bbox 161 1553 224 1608; x_wconf 87' lang='lat' dir='ltr'>quod</span> <span class='ocrx_word' id='word_1_140' title='bbox 240 1553 357 1598; x_wconf 74' lang='lat' dir='ltr'>moraliter</span> <span class='ocrx_word' id='word_1_141' title='bbox 373 1556 463 1595; x_wconf 83' lang='lat' dir='ltr'>constat</span> <span class='ocrx_word' id='word_1_142' title='bbox 481 1568 494 1595; x_wconf 87' lang='lat' dir='ltr'>a</span> <span class='ocrx_word' id='word_1_143' title='bbox 510 1555 558 1597; x_wconf 87' lang='lat' dir='ltr'>Deo</span> <span class='ocrx_word' id='word_1_144' title='bbox 575 1567 624 1596; x_wconf 86' lang='lat' dir='ltr'>esse</span> <span class='ocrx_word' id='word_1_145' title='bbox 639 1553 747 1607; x_wconf 84' lang='lat' dir='ltr'>vetitum.</span> <span class='ocrx_word' id='word_1_146' title='bbox 759 1570 768 1593; x_wconf 74' lang='lat' dir='ltr'>i</span> <span class='ocrx_word' id='word_1_147' title='bbox 784 1554 886 1608; x_wconf 88' lang='lat' dir='ltr'>Ideoque</span> <span class='ocrx_word' id='word_1_148' title='bbox 902 1540 1000 1609; x_wconf 86' lang='lat' dir='ltr'>utrique,</span> 
     </span>
     <span class='ocr_line' id='line_1_19' title="bbox 158 1631 1002 1688; baseline 0 -15"><span class='ocrx_word' id='word_1_149' title='bbox 158 1631 253 1688; x_wconf 78' lang='lat' dir='ltr'>cognita</span> <span class='ocrx_word' id='word_1_150' title='bbox 265 1631 392 1682; x_wconf 68' lang='lat' dir='ltr'>dubietate</span> <span class='ocrx_word' id='word_1_151' title='bbox 406 1645 436 1674; x_wconf 80' lang='lat' dir='ltr'>ex</span> <span class='ocrx_word' id='word_1_152' title='bbox 448 1645 493 1674; x_wconf 90' lang='lat' dir='ltr'>uno</span> <span class='ocrx_word' id='word_1_153' title='bbox 508 1645 549 1674; x_wconf 90' lang='lat' dir='ltr'>suo</span> <span class='ocrx_word' id='word_1_154' title='bbox 562 1631 676 1688; x_wconf 90' lang='lat' dir='ltr'>principio</span> <span class='ocrx_word' id='word_1_155' title='bbox 689 1632 817 1688; x_wconf 85' lang='lat' dir='ltr'>procedunt</span> <span class='ocrx_word' id='word_1_156' title='bbox 832 1632 862 1674; x_wconf 87' lang='lat' dir='ltr'>ad</span> <span class='ocrx_word' id='word_1_157' title='bbox 876 1645 934 1688; x_wconf 91' lang='lat' dir='ltr'>opus</span> <span class='ocrx_word' id='word_1_158' title='bbox 948 1645 1002 1674; x_wconf 92' lang='lat' dir='ltr'>cum</span> 
     </span>
     <span class='ocr_line' id='line_1_20' title="bbox 160 1709 1002 1766; baseline 0.001 -15"><span class='ocrx_word' id='word_1_159' title='bbox 160 1710 299 1753; x_wconf 89' lang='lat' dir='ltr'>conscientia</span> <span class='ocrx_word' id='word_1_160' title='bbox 315 1710 422 1754; x_wconf 76' lang='lat' dir='ltr'>formata.</span> <span class='ocrx_word' id='word_1_161' title='bbox 439 1711 477 1760; x_wconf 82' lang='lat' dir='ltr'>At,</span> <span class='ocrx_word' id='word_1_162' title='bbox 494 1711 622 1753; x_wconf 86' lang='lat' dir='ltr'>secundum</span> <span class='ocrx_word' id='word_1_163' title='bbox 639 1710 892 1766; x_wconf 36' lang='lat' dir='ltr'>aequiprobabilistamy</span> <span class='ocrx_word' id='word_1_164' title='bbox 909 1709 1002 1766; x_wconf 85' lang='lat' dir='ltr'>cognita</span> 
     </span>
     <span class='ocr_line' id='line_1_21' title="bbox 157 1787 1002 1845; baseline 0 -15"><span class='ocrx_word' id='word_1_165' title='bbox 157 1788 286 1839; x_wconf 72' lang='lat' dir='ltr'>dubietate,</span> <span class='ocrx_word' id='word_1_166' title='bbox 308 1792 343 1831; x_wconf 89' lang='lat' dir='ltr'>est</span> <span class='ocrx_word' id='word_1_167' title='bbox 364 1788 516 1831; x_wconf 73' lang='lat' dir='ltr'>consideratio</span> <span class='ocrx_word' id='word_1_168' title='bbox 537 1788 681 1831; x_wconf 87' lang='lat' dir='ltr'>instituenda</span> <span class='ocrx_word' id='word_1_169' title='bbox 702 1788 730 1831; x_wconf 92' lang='lat' dir='ltr'>de</span> <span class='ocrx_word' id='word_1_170' title='bbox 751 1787 902 1845; x_wconf 88' lang='lat' dir='ltr'>possessione,</span> <span class='ocrx_word' id='word_1_171' title='bbox 924 1791 951 1830; x_wconf 86' lang='lat' dir='ltr'>ut</span> <span class='ocrx_word' id='word_1_172' title='bbox 972 1802 1002 1830; x_wconf 83' lang='lat' dir='ltr'>ex</span> 
     </span>
     <span class='ocr_line' id='line_1_22' title="bbox 160 1865 1000 1923; baseline -0.001 -14"><span class='ocrx_word' id='word_1_173' title='bbox 160 1866 230 1909; x_wconf 92' lang='lat' dir='ltr'>dubio</span> <span class='ocrx_word' id='word_1_174' title='bbox 249 1870 350 1910; x_wconf 80' lang='lat' dir='ltr'>exeatur.</span> <span class='ocrx_word' id='word_1_175' title='bbox 371 1865 401 1922; x_wconf 88' lang='lat' dir='ltr'>(S.</span> <span class='ocrx_word' id='word_1_176' title='bbox 419 1866 552 1923; x_wconf 88' lang='lat' dir='ltr'>Alphonsus</span> <span class='ocrx_word' id='word_1_177' title='bbox 572 1881 576 1910; x_wconf 90' lang='lat'>:</span> <span class='ocrx_word' id='word_1_178' title='bbox 597 1880 668 1909; x_wconf 77' lang='lat' dir='ltr'>«cum</span> <span class='ocrx_word' id='word_1_179' title='bbox 686 1867 773 1923; x_wconf 77' lang='lat' dir='ltr'>duplex</span> <span class='ocrx_word' id='word_1_180' title='bbox 790 1866 904 1911; x_wconf 85' lang='lat' dir='ltr'>concurrit</span> <span class='ocrx_word' id='word_1_181' title='bbox 923 1866 1000 1922; x_wconf 94' lang='lat' dir='ltr'>opinio</span> 
     </span>
     <span class='ocr_line' id='line_1_23' title="bbox 158 1928 1025 2001; baseline -0.001 -14"><span class='ocrx_word' id='word_1_182' title='bbox 158 1959 232 2001; x_wconf 86' lang='lat' dir='ltr'>aeque</span> <span class='ocrx_word' id='word_1_183' title='bbox 249 1945 381 2001; x_wconf 46' lang='lat' dir='ltr'>probabilis)</span> <span class='ocrx_word' id='word_1_184' title='bbox 399 1944 475 2001; x_wconf 85' lang='lat' dir='ltr'>opinio</span> <span class='ocrx_word' id='word_1_185' title='bbox 494 1959 553 2001; x_wconf 89' lang='lat' dir='ltr'>quae</span> <span class='ocrx_word' id='word_1_186' title='bbox 570 1948 617 1987; x_wconf 87' lang='lat' dir='ltr'>stat</span> <span class='ocrx_word' id='word_1_187' title='bbox 635 1958 677 2001; x_wconf 91' lang='lat' dir='ltr'>pro</span> <span class='ocrx_word' id='word_1_188' title='bbox 694 1945 742 2001; x_wconf 82' lang='lat' dir='ltr'>lege</span> <span class='ocrx_word' id='word_1_189' title='bbox 761 1945 830 1987; x_wconf 85' lang='lat' dir='ltr'>aliam</span> <span class='ocrx_word' id='word_1_190' title='bbox 847 1958 894 1987; x_wconf 91' lang='lat' dir='ltr'>non</span> <span class='ocrx_word' id='word_1_191' title='bbox 911 1944 1000 1987; x_wconf 90' lang='lat' dir='ltr'>inducit</span> <span class='ocrx_word' id='word_1_192' title='bbox 1024 1928 1025 1931; x_wconf 11' lang='grc' dir='ltr'><strong>Ἴ</strong></span> 
     </span>
     <span class='ocr_line' id='line_1_24' title="bbox 158 2022 999 2080; baseline 0 -15"><span class='ocrx_word' id='word_1_193' title='bbox 158 2023 323 2080; x_wconf 82' lang='lat' dir='ltr'>obligationem</span> <span class='ocrx_word' id='word_1_194' title='bbox 343 2022 391 2067; x_wconf 75' lang='lat' dir='ltr'>uisi</span> <span class='ocrx_word' id='word_1_195' title='bbox 408 2023 530 2080; x_wconf 72' lang='lat' dir='ltr'>deponendi</span> <span class='ocrx_word' id='word_1_196' title='bbox 549 2023 668 2067; x_wconf 77' lang='lat' dir='ltr'>dubium...</span> <span class='ocrx_word' id='word_1_197' title='bbox 681 2040 690 2063; x_wconf 79' lang='lat' dir='ltr'>i&gt;</span> <span class='ocrx_word' id='word_1_198' title='bbox 711 2023 724 2066; x_wconf 82' lang='lat' dir='ltr'>l.</span> <span class='ocrx_word' id='word_1_199' title='bbox 745 2038 770 2074; x_wconf 84' lang='lat' dir='ltr'>c„</span> <span class='ocrx_word' id='word_1_200' title='bbox 791 2023 878 2066; x_wconf 60' lang='lat' dir='ltr'>Morou</span> <span class='ocrx_word' id='word_1_201' title='bbox 898 2027 999 2078; x_wconf 65' lang='lat' dir='ltr'>sostenii,</span> 
     </span>
    </p>
   </div>
   <div class='ocr_carea' id='block_1_3' title="bbox 162 2101 347 2158">
    <p class='ocr_par' dir='ltr' id='par_1_5' title="bbox 162 2101 347 2158">
     <span class='ocr_line' id='line_1_25' title="bbox 162 2101 347 2158; baseline -0.005 -12"><span class='ocrx_word' id='word_1_202' title='bbox 162 2103 174 2156; x_wconf 65' lang='lat' dir='ltr'>s</span> <span class='ocrx_word' id='word_1_203' title='bbox 191 2116 210 2153; x_wconf 87' lang='lat'>2,</span> <span class='ocrx_word' id='word_1_204' title='bbox 228 2102 274 2158; x_wconf 80' lang='lat' dir='ltr'>obj.</span> <span class='ocrx_word' id='word_1_205' title='bbox 294 2101 347 2158; x_wconf 78' lang='lat' dir='ltr'>nn</span> 
     </span>
    </p>
   </div>
   <div class='ocr_carea' id='block_1_4' title="bbox 189 2208 882 2265">
    <p class='ocr_par' dir='ltr' id='par_1_6' title="bbox 189 2208 882 2265">
     <span class='ocr_line' id='line_1_26' title="bbox 189 2208 882 2265; baseline 0.001 -15"><span class='ocrx_word' id='word_1_206' title='bbox 189 2208 281 2251; x_wconf 88' lang='lat' dir='ltr'>Thesim</span> <span class='ocrx_word' id='word_1_207' title='bbox 298 2211 375 2251; x_wconf 92' lang='lat' dir='ltr'>autem</span> <span class='ocrx_word' id='word_1_208' title='bbox 391 2208 422 2250; x_wconf 93' lang='lat' dir='ltr'>sic</span> <span class='ocrx_word' id='word_1_209' title='bbox 438 2209 580 2251; x_wconf 86' lang='lat' dir='ltr'>intellectam</span> <span class='ocrx_word' id='word_1_210' title='bbox 596 2208 697 2265; x_wconf 82' lang='lat' dir='ltr'>probant</span> <span class='ocrx_word' id='word_1_211' title='bbox 713 2211 739 2250; x_wconf 90' lang='lat' dir='ltr'>ut</span> <span class='ocrx_word' id='word_1_212' title='bbox 756 2208 859 2264; x_wconf 87' lang='lat' dir='ltr'>sequitur</span> <span class='ocrx_word' id='word_1_213' title='bbox 878 2222 882 2251; x_wconf 88' lang='lat'>:</span> 
     </span>
    </p>
   </div>
   <div class='ocr_carea' id='block_1_5' title="bbox 190 2335 1000 2393">
    <p class='ocr_par' dir='ltr' id='par_1_7' title="bbox 190 2335 1000 2393">
     <span class='ocr_line' id='line_1_27' title="bbox 190 2335 1000 2393; baseline -0.002 -14"><span class='ocrx_word' id='word_1_214' title='bbox 190 2338 208 2379; x_wconf 87' lang='lat' dir='ltr'>l.</span> <span class='ocrx_word' id='word_1_215' title='bbox 221 2337 365 2380; x_wconf 87' lang='lat' dir='ltr'>Auctoritate</span> <span class='ocrx_word' id='word_1_216' title='bbox 378 2337 399 2380; x_wconf 82' lang='lat' dir='ltr'>S.</span> <span class='ocrx_word' id='word_1_217' title='bbox 407 2335 526 2393; x_wconf 78' lang='lat' dir='ltr'>Alphonsi</span> <span class='ocrx_word' id='word_1_218' title='bbox 536 2351 607 2392; x_wconf 86' lang='lat' dir='ltr'>quarn</span> <span class='ocrx_word' id='word_1_219' title='bbox 619 2350 763 2393; x_wconf 83' lang='lat' dir='ltr'>summopere</span> <span class='ocrx_word' id='word_1_220' title='bbox 775 2336 891 2381; x_wconf 81' lang='lat' dir='ltr'>extollunt</span> <span class='ocrx_word' id='word_1_221' title='bbox 902 2350 907 2387; x_wconf 84' lang='lat'>;</span> <span class='ocrx_word' id='word_1_222' title='bbox 920 2336 1000 2378; x_wconf 86' lang='lat' dir='ltr'>adver-</span> 
     </span>
    </p>
   </div>
   <div class='ocr_carea' id='block_1_6' title="bbox 151 2413 1000 3100">
    <p class='ocr_par' dir='ltr' id='par_1_8' title="bbox 151 2413 1000 3100">
     <span class='ocr_line' id='line_1_28' title="bbox 157 2413 1000 2470; baseline -0.002 -13"><span class='ocrx_word' id='word_1_223' title='bbox 157 2417 213 2457; x_wconf 82' lang='lat' dir='ltr'>tunt</span> <span class='ocrx_word' id='word_1_224' title='bbox 222 2415 320 2465; x_wconf 89' lang='lat' dir='ltr'>enim,ea</span> <span class='ocrx_word' id='word_1_225' title='bbox 328 2429 386 2470; x_wconf 87' lang='lat' dir='ltr'>quae</span> <span class='ocrx_word' id='word_1_226' title='bbox 394 2415 439 2457; x_wconf 91' lang='lat' dir='ltr'>sint</span> <span class='ocrx_word' id='word_1_227' title='bbox 448 2430 461 2458; x_wconf 87' lang='lat' dir='ltr'>a</span> <span class='ocrx_word' id='word_1_228' title='bbox 469 2415 569 2458; x_wconf 84' lang='lat' dir='ltr'>Summis</span> <span class='ocrx_word' id='word_1_229' title='bbox 578 2414 731 2459; x_wconf 87' lang='lat' dir='ltr'>Pontificibus</span> <span class='ocrx_word' id='word_1_230' title='bbox 739 2415 763 2456; x_wconf 93' lang='lat' dir='ltr'>in</span> <span class='ocrx_word' id='word_1_231' title='bbox 770 2414 874 2458; x_wconf 83' lang='lat' dir='ltr'>iavorem</span> <span class='ocrx_word' id='word_1_232' title='bbox 882 2413 1000 2458; x_wconf 86' lang='lat' dir='ltr'>doctrinae</span> 
     </span>
     <span class='ocr_line' id='line_1_29' title="bbox 160 2491 1000 2550; baseline -0.004 -13"><span class='ocrx_word' id='word_1_233' title='bbox 160 2494 182 2537; x_wconf 83' lang='lat' dir='ltr'>S.</span> <span class='ocrx_word' id='word_1_234' title='bbox 196 2493 309 2550; x_wconf 83' lang='lat' dir='ltr'>Alphonsi</span> <span class='ocrx_word' id='word_1_235' title='bbox 321 2493 391 2544; x_wconf 85' lang='lat' dir='ltr'>dicta,</span> <span class='ocrx_word' id='word_1_236' title='bbox 405 2507 451 2535; x_wconf 94' lang='lat' dir='ltr'>non</span> <span class='ocrx_word' id='word_1_237' title='bbox 463 2494 557 2544; x_wconf 83' lang='lat' dir='ltr'>minore,</span> <span class='ocrx_word' id='word_1_238' title='bbox 570 2494 611 2536; x_wconf 94' lang='lat' dir='ltr'>sed</span> <span class='ocrx_word' id='word_1_239' title='bbox 623 2493 713 2550; x_wconf 88' lang='lat' dir='ltr'>potiore</span> <span class='ocrx_word' id='word_1_240' title='bbox 725 2492 814 2537; x_wconf 85' lang='lat' dir='ltr'>ratione</span> <span class='ocrx_word' id='word_1_241' title='bbox 827 2491 872 2535; x_wconf 88' lang='lat' dir='ltr'>dici</span> <span class='ocrx_word' id='word_1_242' title='bbox 885 2492 913 2534; x_wconf 82' lang='lat' dir='ltr'>de</span> <span class='ocrx_word' id='word_1_243' title='bbox 926 2494 1000 2548; x_wconf 87' lang='lat' dir='ltr'>syste-</span> 
     </span>
     <span class='ocr_line' id='line_1_30' title="bbox 156 2570 1000 2628; baseline -0.002 -15"><span class='ocrx_word' id='word_1_244' title='bbox 156 2574 220 2614; x_wconf 85' lang='lat' dir='ltr'>mate</span> <span class='ocrx_word' id='word_1_245' title='bbox 233 2572 280 2615; x_wconf 88' lang='lat' dir='ltr'>eius</span> <span class='ocrx_word' id='word_1_246' title='bbox 292 2572 380 2622; x_wconf 84' lang='lat' dir='ltr'>morali,</span> <span class='ocrx_word' id='word_1_247' title='bbox 394 2585 464 2628; x_wconf 88' lang='lat' dir='ltr'>quam</span> <span class='ocrx_word' id='word_1_248' title='bbox 476 2573 504 2615; x_wconf 92' lang='lat' dir='ltr'>de</span> <span class='ocrx_word' id='word_1_249' title='bbox 516 2572 611 2628; x_wconf 80' lang='lat' dir='ltr'>singulis</span> <span class='ocrx_word' id='word_1_250' title='bbox 624 2571 777 2628; x_wconf 83' lang='lat' dir='ltr'>opinionibus,</span> <span class='ocrx_word' id='word_1_251' title='bbox 792 2570 1000 2626; x_wconf 72' lang='lat' dir='ltr'>«quandoquidem</span> 
     </span>
     <span class='ocr_line' id='line_1_31' title="bbox 158 2648 999 2706; baseline -0.004 -13"><span class='ocrx_word' id='word_1_252' title='bbox 158 2653 268 2706; x_wconf 86' lang='lat' dir='ltr'>systema,</span> <span class='ocrx_word' id='word_1_253' title='bbox 281 2654 307 2692; x_wconf 91' lang='lat' dir='ltr'>ut</span> <span class='ocrx_word' id='word_1_254' title='bbox 320 2664 387 2693; x_wconf 89' lang='lat' dir='ltr'>nemo</span> <span class='ocrx_word' id='word_1_255' title='bbox 401 2664 447 2693; x_wconf 93' lang='lat' dir='ltr'>non</span> <span class='ocrx_word' id='word_1_256' title='bbox 459 2650 531 2702; x_wconf 64' lang='lat' dir='ltr'>videty</span> <span class='ocrx_word' id='word_1_257' title='bbox 544 2654 621 2693; x_wconf 90' lang='lat' dir='ltr'>totam</span> <span class='ocrx_word' id='word_1_258' title='bbox 634 2650 764 2692; x_wconf 81' lang='lat' dir='ltr'>doctrinam</span> <span class='ocrx_word' id='word_1_259' title='bbox 776 2649 888 2691; x_wconf 86' lang='lat' dir='ltr'>moralem</span> <span class='ocrx_word' id='word_1_260' title='bbox 900 2648 999 2691; x_wconf 85' lang='lat' dir='ltr'>sustinet</span> 
     </span>
     <span class='ocr_line' id='line_1_32' title="bbox 159 2726 999 2781; baseline -0.005 -10"><span class='ocrx_word' id='word_1_261' title='bbox 159 2743 185 2771; x_wconf 90' lang='lat' dir='ltr'>ac</span> <span class='ocrx_word' id='word_1_262' title='bbox 201 2729 349 2781; x_wconf 50' lang='lat' dir='ltr'>moderatum</span> <span class='ocrx_word' id='word_1_263' title='bbox 367 2729 397 2772; x_wconf 82' lang='lat' dir='ltr'>ad</span> <span class='ocrx_word' id='word_1_264' title='bbox 413 2729 461 2772; x_wconf 92' lang='lat' dir='ltr'>eius</span> <span class='ocrx_word' id='word_1_265' title='bbox 478 2729 539 2772; x_wconf 88' lang='lat' dir='ltr'>enim</span> <span class='ocrx_word' id='word_1_266' title='bbox 556 2742 662 2773; x_wconf 91' lang='lat' dir='ltr'>normam</span> <span class='ocrx_word' id='word_1_267' title='bbox 679 2731 764 2771; x_wconf 84' lang='lat' dir='ltr'>cuncta</span> <span class='ocrx_word' id='word_1_268' title='bbox 780 2728 826 2771; x_wconf 85' lang='lat' dir='ltr'>iere</span> <span class='ocrx_word' id='word_1_269' title='bbox 842 2727 915 2770; x_wconf 87' lang='lat' dir='ltr'>dubia</span> <span class='ocrx_word' id='word_1_270' title='bbox 930 2726 999 2772; x_wconf 73' lang='lat' dir='ltr'>resol-</span> 
     </span>
     <span class='ocr_line' id='line_1_33' title="bbox 151 2794 999 2866; baseline -0.004 -17"><span class='ocrx_word' id='word_1_271' title='bbox 151 2794 245 2849; x_wconf 70' lang='lat' dir='ltr'>uuntur</span> <span class='ocrx_word' id='word_1_272' title='bbox 256 2824 270 2850; x_wconf 77' lang='lat' dir='ltr'>u.</span> <span class='ocrx_word' id='word_1_273' title='bbox 286 2809 412 2858; x_wconf 81' lang='lat' dir='ltr'>Praeterea,</span> <span class='ocrx_word' id='word_1_274' title='bbox 427 2821 485 2866; x_wconf 89' lang='lat' dir='ltr'>quae</span> <span class='ocrx_word' id='word_1_275' title='bbox 498 2822 512 2850; x_wconf 92' lang='lat' dir='ltr'>a</span> <span class='ocrx_word' id='word_1_276' title='bbox 525 2808 565 2852; x_wconf 91' lang='lat' dir='ltr'>Pio</span> <span class='ocrx_word' id='word_1_277' title='bbox 580 2809 616 2851; x_wconf 92' lang='lat' dir='ltr'>IX</span> <span class='ocrx_word' id='word_1_278' title='bbox 628 2807 691 2849; x_wconf 88' lang='lat' dir='ltr'>dicta</span> <span class='ocrx_word' id='word_1_279' title='bbox 703 2809 757 2849; x_wconf 89' lang='lat' dir='ltr'>sunt</span> <span class='ocrx_word' id='word_1_280' title='bbox 770 2807 798 2849; x_wconf 90' lang='lat' dir='ltr'>de</span> <span class='ocrx_word' id='word_1_281' title='bbox 811 2808 865 2848; x_wconf 88' lang='lat' dir='ltr'>tuta</span> <span class='ocrx_word' id='word_1_282' title='bbox 876 2805 916 2847; x_wconf 92' lang='lat' dir='ltr'>via</span> <span class='ocrx_word' id='word_1_283' title='bbox 928 2818 999 2860; x_wconf 88' lang='lat' dir='ltr'>quarn</span> 
     </span>
     <span class='ocr_line' id='line_1_34' title="bbox 157 2883 999 2943; baseline -0.004 -16"><span class='ocrx_word' id='word_1_284' title='bbox 157 2885 195 2928; x_wconf 91' lang='lat' dir='ltr'>ille</span> <span class='ocrx_word' id='word_1_285' title='bbox 205 2886 312 2931; x_wconf 83' lang='lat' dir='ltr'>straverit</span> <span class='ocrx_word' id='word_1_286' title='bbox 323 2887 382 2929; x_wconf 85' lang='lat' dir='ltr'>inter</span> <span class='ocrx_word' id='word_1_287' title='bbox 392 2886 496 2931; x_wconf 82' lang='lat' dir='ltr'>laxorum</span> <span class='ocrx_word' id='word_1_288' title='bbox 507 2889 530 2929; x_wconf 91' lang='lat' dir='ltr'>et</span> <span class='ocrx_word' id='word_1_289' title='bbox 540 2886 674 2943; x_wconf 83' lang='lat' dir='ltr'>rigidiorum</span> <span class='ocrx_word' id='word_1_290' title='bbox 684 2884 818 2935; x_wconf 85' lang='lat' dir='ltr'>sententias,</span> <span class='ocrx_word' id='word_1_291' title='bbox 830 2886 909 2939; x_wconf 88' lang='lat' dir='ltr'>aperte</span> <span class='ocrx_word' id='word_1_292' title='bbox 919 2883 999 2925; x_wconf 90' lang='lat' dir='ltr'>viden-</span> 
     </span>
     <span class='ocr_line' id='line_1_35' title="bbox 155 2960 1000 3021; baseline -0.002 -15"><span class='ocrx_word' id='word_1_293' title='bbox 155 2967 196 3006; x_wconf 88' lang='lat' dir='ltr'>tur</span> <span class='ocrx_word' id='word_1_294' title='bbox 217 2965 319 3007; x_wconf 90' lang='lat' dir='ltr'>medium</span> <span class='ocrx_word' id='word_1_295' title='bbox 341 2964 399 3007; x_wconf 88' lang='lat' dir='ltr'>illud</span> <span class='ocrx_word' id='word_1_296' title='bbox 421 2962 648 3021; x_wconf 87' lang='lat' dir='ltr'>aequiprobabilismi</span> <span class='ocrx_word' id='word_1_297' title='bbox 671 2966 775 3020; x_wconf 89' lang='lat' dir='ltr'>systema</span> <span class='ocrx_word' id='word_1_298' title='bbox 800 2962 929 3018; x_wconf 82' lang='lat' dir='ltr'>significare</span> <span class='ocrx_word' id='word_1_299' title='bbox 953 2960 1000 3017; x_wconf 77' lang='lat' dir='ltr'>(Cir</span> 
     </span>
     <span class='ocr_line' id='line_1_36' title="bbox 156 3030 998 3100; baseline -0.004 -15"><span class='ocrx_word' id='word_1_300' title='bbox 156 3043 266 3100; x_wconf 82' lang='lat' dir='ltr'>Aertnys,</span> <span class='ocrx_word' id='word_1_301' title='bbox 282 3043 304 3086; x_wconf 79' lang='lat' dir='ltr'>C,</span> <span class='ocrx_word' id='word_1_302' title='bbox 320 3042 358 3086; x_wconf 85' lang='lat' dir='ltr'>SS.</span> <span class='ocrx_word' id='word_1_303' title='bbox 374 3044 409 3094; x_wconf 65' lang='lat' dir='ltr'>R„</span> <span class='ocrx_word' id='word_1_304' title='bbox 426 3043 542 3099; x_wconf 73' lang='lat' dir='ltr'>Theologr&#39;u</span> <span class='ocrx_word' id='word_1_305' title='bbox 556 3041 653 3093; x_wconf 69' lang='lat' dir='ltr'>morulis</span> <span class='ocrx_word' id='word_1_306' title='bbox 668 3056 690 3085; x_wconf 89' lang='lat' dir='ltr'>n.</span> <span class='ocrx_word' id='word_1_307' title='bbox 706 3041 779 3098; x_wconf 80' lang='lat'>98-99,</span> <span class='ocrx_word' id='word_1_308' title='bbox 799 3044 816 3084; x_wconf 89' lang='lat' dir='ltr'>t.</span> <span class='ocrx_word' id='word_1_309' title='bbox 832 3030 860 3091; x_wconf 78' lang='lat'>1⁵,</span> <span class='ocrx_word' id='word_1_310' title='bbox 875 3055 898 3097; x_wconf 91' lang='lat' dir='ltr'>p.</span> <span class='ocrx_word' id='word_1_311' title='bbox 913 3038 998 3096; x_wconf 78' lang='lat'>47-49).</span> 
     </span>
    </p>
   </div>
   <div class='ocr_carea' id='block_1_7' title="bbox 0 0 1038 3413">
    <p class='ocr_par' dir='ltr' id='par_1_9' title="bbox 0 0 1038 3413">
     <span class='ocr_line' id='line_1_37' title="bbox 0 0 1038 3413; baseline 0 0"><span class='ocrx_word' id='word_1_312' title='bbox 0 0 1038 3413; x_wconf 95' lang='lat' dir='ltr'> </span> 
     </span>
    </p>
   </div>
  </div>
 </body>
</html>
