1948 3333
229 118 382 151 ARGUMENTA
397 118 629 150 PROBABILISTARUM
823 116 851 161 45

5 283 51 315 non
67 269 109 310 est,
126 262 206 311 Prima
221 259 348 319 propositio
365 261 394 303 ab
411 260 549 303 adversariis
566 260 707 305 admittitur.
725 260 807 310 Altera,
824 263 850 301 ut

4 346 80 393 verbis
93 346 187 386 utamur
207 339 346 390 Lehmkuhl,
360 343 394 397 op.
409 338 452 390 cir,
466 353 489 383 n.
503 340 539 394 84,
554 339 703 397 «dogmatice
715 342 806 381 constat
821 352 851 381 ex

5 422 170 470 infallibilitate
189 423 212 462 et
232 417 432 461 indefectibilitate
452 418 575 462 Ecclesiae.
596 419 657 462 Nam
677 421 703 460 ut
723 416 850 461 infallibilis

5 500 109 549 veritatis
131 497 270 554 magistra...
294 496 424 539 doctrinam
446 510 537 542 morum
559 500 746 553 corrumpentem
768 495 849 552 nequit

3 579 132 640 approbare,
144 576 178 618 ita
189 589 263 631 neque
274 589 325 618 eam
336 578 413 631 potest
425 575 522 627 tolerare,
534 574 649 631 siquidem
660 577 686 632 er)
699 574 790 632 praxim
800 574 850 617 ubi-

6 674 49 719 que
58 657 175 713 vigentem
183 667 281 711 pravam
290 667 336 696 non
345 654 511 710 reprehendere
520 657 554 696 est
565 653 704 711 eeqrrirreierrs
714 653 761 696 eires
770 656 851 710 oppro-

3 736 77 785 fratre·
90 735 114 791 b)
129 736 188 777 esset
201 731 299 775 deiectio
313 747 326 775 a
337 746 431 777 munere
443 732 513 775 valde
526 731 650 781 essentiali,
664 731 723 788 quae
736 731 851 775 Ecclesiae

5 811 201 859 indefectibilitati
214 811 299 855 directe
314 811 480 856 adversatur.»
494 812 558 855 Haec
572 810 591 853 si
605 811 633 853 de
646 809 783 855 toleratione
796 823 851 853 vera

5 895 66 942 sunt,
82 890 156 935 multo
170 889 244 946 magis
259 889 287 931 de
301 889 380 941 lavore
394 889 515 946 praestito,
531 889 605 947 deque
620 888 784 946 principiorum
799 879 850 931 usu.

7 970 81 1016 Tertio
97 968 224 1025 propositio
242 981 271 1009 ex
288 968 330 1010 hoc
348 971 421 1024 patet,
440 968 504 1023 quod
521 965 714 1024 probabilismum
731 980 851 1024 nunquam

3 1047 126 1095 damnavit
138 1046 247 1095 Ecclesia,
260 1046 302 1089 etsi
314 1046 343 1089 ad
354 1046 378 1089 id
389 1046 522 1089 iaciendum
534 1047 564 1089 ab
574 1045 636 1090 illius
648 1045 765 1091 doctrinae
776 1045 851 1101 impu-

4 1125 139 1184 gnatoribus
149 1138 218 1181 saepe
227 1128 262 1167 est
272 1124 371 1167 invitata
383 1139 387 1176 ;
398 1125 460 1180 quod
471 1124 571 1168 Romani
581 1124 704 1181 pontifices
714 1138 765 1166 earn
775 1123 850 1167 doceri

5 1205 108 1248 siverunt
116 1203 140 1245 in
147 1202 227 1245 multis
236 1203 296 1247 orbis
305 1203 412 1247 catholici
420 1203 543 1254 cathedris,
553 1203 691 1246 nominatim
699 1203 722 1245 in
730 1202 851 1259 pontificia

7 1281 163 1328 Universitate
183 1280 329 1337 Gregorianay
349 1281 417 1324 sicuti
438 1281 464 1323 fit
484 1282 556 1324 etiam
575 1295 636 1324 nunc
647 1295 652 1332 ;
672 1281 734 1339 quod
753 1280 849 1323 summis
897 1319 899 1322 .

5 1359 112 1403 laudibus
123 1357 208 1402 extulit
219 1359 322 1403 Ecclesia
331 1360 462 1405 doctrinam
474 1361 495 1404 S.
507 1359 627 1416 Alphonsi,
639 1373 736 1416 eamque
748 1360 777 1402 ab
787 1359 850 1402 omni

7 1437 107 1495 periculo
118 1437 278 1494 pronuntiavit
288 1438 414 1481 immunem
421 1440 435 1489 1,
444 1452 498 1481 cum
507 1438 545 1480 ille
556 1442 636 1481 tamen
642 1438 782 1494 perlongum
792 1441 850 1480 tem-

6 1530 49 1573 pus
62 1529 147 1572 purum
160 1515 352 1572 probabilismum
364 1517 481 1573 protessus
495 1517 524 1559 sit
537 1530 605 1568 ;—ex
618 1516 662 1558 hoc
676 1515 849 1573 denique,quod

5 1595 28 1638 S.
42 1594 148 1638 Officium
158 1594 182 1636 in
192 1595 307 1651 responsis
318 1596 374 1641 XVI
386 1595 422 1638 die
435 1601 473 1638 11⁰
484 1595 541 1639 iebr.
556 1594 611 1637 1661
626 1595 694 1646 datis,
708 1594 767 1639 circa
777 1597 849 1637 mate-

5 1672 63 1714 riam
74 1672 103 1714 de
114 1671 276 1715 sollicitatione
285 1673 450 1724 denuntianda,
457 1673 499 1716 has
512 1673 623 1716 formulas
636 1673 744 1716 adhibet:
758 1689 766 1713 r
776 1675 849 1729 Nega-

5 1750 80 1792 tivam
94 1750 226 1807 opinionem
241 1765 287 1793 non
302 1741 377 1794 carere
392 1752 579 1808 probabilitate»
596 1751 634 1808 (ad
649 1751 679 1808 6),
697 1751 849 1808 «negativam

2 1827 136 1884 opinionem
150 1842 198 1872 esse
213 1830 376 1886 probabilem»
393 1830 431 1887 (ad
447 1829 483 1886 ro)
500 1834 522 1873 et
538 1830 570 1872 sic
586 1833 665 1887 aperte
681 1829 850 1887 «probabilita-

5 1909 53 1948 tem
66 1909 95 1947 ut
106 1920 200 1951 causam
214 1911 236 1950 et
250 1921 355 1952 normam
367 1923 420 1952 vere
434 1909 464 1951 ab
477 1922 544 1951 onere
557 1909 613 1965 legis
627 1908 767 1951 eximentem
781 1921 849 1965 agno-

3 1984 47 2025 scit
59 2001 68 2023 1>
94 1984 138 2040 (Sic
154 1985 226 2037 Frins,
241 1988 275 2029 De
289 1986 381 2030 Aciibrrs
396 1987 508 2038 lrrrrrrnrris,
525 1990 542 2030 t.
560 1988 605 2038 HL
621 2001 643 2043 p.
660 1999 709 2044 249.
726 1989 850 2032 Decretum

5 2060 62 2104 illud
74 2063 213 2106 Benedictus
228 2061 286 2108 XIV
299 2065 447 2108 confirmavit
459 2079 464 2116 ;
479 2065 527 2108 eius
541 2068 634 2108 textum
648 2065 752 2109 invenias
767 2080 802 2109 ex,
817 2079 849 2121 gr.

6 2139 68 2195 apud
84 2141 223 2193 Lehmkuhl,
241 2147 275 2200 op.
294 2143 336 2193 cii,
353 2146 370 2187 t.
389 2145 420 2195 HJ
437 2157 460 2186 n.
478 2137 537 2200 975).

34 2284 71 2326 Ad
80 2298 107 2350 ea
115 2289 194 2328 autem
203 2301 262 2343 quae
271 2287 410 2331 obiiciuntur
419 2303 432 2331 a
440 2286 641 2344 probabilioristis,
656 2288 712 2332 haec
724 2288 851 2345 responsio-

3 2374 62 2402 num
72 2363 151 2419 capita
161 2365 273 2408 adhibent
284 2367 461 2423 probabilistae:
473 2367 501 2410 de
513 2370 578 2410 arcta
586 2367 625 2410 via
632 2370 654 2409 et
667 2370 765 2424 angusta
775 2370 851 2424 porta,

3 2445 111 2483 :asserunt
131 2443 329 2496 multasmanere
349 2445 501 2502 obligationes
526 2446 672 2497 certissimas,
694 2449 774 2491 contra
795 2458 851 2502 quas

6 2516 70 2560 nulla
77 2520 151 2573 possit
160 2535 265 2580 unquam
274 2523 348 2567 afferri
357 2524 416 2568 ratio
426 2538 480 2566 vere
489 2523 616 2580 probabilis
628 2538 633 2575 ;
644 2528 763 2580 praeterea
772 2525 851 2568 decere

3 2593 156 2641 christianam
172 2600 337 2656 professionem
354 2616 401 2644 non
418 2605 444 2645 ut
467 2602 512 2659 legi
529 2603 658 2645 subdamur
675 2602 793 2654 serviliter,
812 2602 852 2645 sed

5 2685 238 2699 ,Ἀ

32 2732 47 2755 1.
61 2725 104 2758 Huc
113 2730 187 2770 spectat
197 2741 235 2763 non
244 2732 305 2764 solum
312 2734 406 2766 Decretum
416 2736 471 2775 snper
480 2733 568 2766 recisione
578 2737 594 2766 et
604 2734 732 2775 approbatione
742 2737 815 2776 opertior
827 2733 853 2775 (in

8 2786 63 2811 causa
71 2781 216 2825 beatificationis
226 2788 246 2819 18
255 2788 299 2820 maii
309 2789 360 2831 1803)
371 2798 374 2821 ε
384 2801 390 2819 r
399 2789 451 2821 Nihil
459 2789 478 2821 in
486 2789 512 2821 eis
520 2798 599 2821 censura
607 2789 684 2831 dignum
692 2791 786 2831 repertum
793 2789 830 2822 fuit
839 2801 851 2827 ι),

8 2834 39 2866 sed
48 2836 322 2883 etiamnurraCanoei'zarrouis,
328 2846 350 2876 26
359 2845 403 2877 maii
413 2845 467 2886 1839:
478 2845 538 2877 «Illud
547 2855 591 2877 vero
600 2845 691 2887 imprimis
700 2847 767 2877 notatu
776 2846 853 2888 dignum

5 2890 42 2927 est,
55 2894 112 2933 quod,
126 2895 169 2928 licet
181 2899 308 2941 copiosissime
320 2900 420 2943 scripserit,
434 2901 594 2933 eiusdemtamen
607 2910 663 2943 opera
676 2901 766 2934 inoffenso
778 2910 853 2944 prorsus

8 2945 54 2985 pede
68 2951 150 2989 percurri
165 2962 176 2984 a
191 2954 278 2987 fidelibus
292 2965 351 2999 possey
366 2960 410 2999 post
424 2957 502 2999 diligens
517 2956 628 2989 institutum
642 2966 721 2989 examen
735 2958 853 3000 perspectum

6 2998 72 3034 tuerit.
83 3015 89 3032 n
101 3003 133 3038 cfr
144 3008 209 3042 adnot.
222 3020 284 3054 supra,
297 3023 314 3055 p⁴
331 3021 359 3054 37.
