<?xml version="1.0" encoding="UTF-8"?>
<!DOCTYPE html PUBLIC "-//W3C//DTD XHTML 1.0 Transitional//EN"
    "http://www.w3.org/TR/xhtml1/DTD/xhtml1-transitional.dtd">
<html xmlns="http://www.w3.org/1999/xhtml" xml:lang="en" lang="en">
 <head>
  <title>
</title>
<meta http-equiv="Content-Type" content="text/html;charset=utf-8" />
  <meta name='ocr-system' content='tesseract 3.04.00' />
  <meta name='ocr-capabilities' content='ocr_page ocr_carea ocr_par ocr_line ocrx_word'/>
</head>
<body>
  <div class='ocr_page' id='page_1' title='image "MN5032ucmf_0_0058.png"; bbox 0 0 2068 3413; ppageno 0'>
   <div class='ocr_carea' id='block_1_1' title="bbox 152 130 777 174">
    <p class='ocr_par' dir='ltr' id='par_1_1' title="bbox 152 130 777 174">
     <span class='ocr_line' id='line_1_1' title="bbox 152 130 777 174; baseline 0.003 -12"><span class='ocrx_word' id='word_1_1' title='bbox 152 130 182 174; x_wconf 76' lang='lat'>42</span> <span class='ocrx_word' id='word_1_2' title='bbox 380 131 548 173; x_wconf 72' lang='lat' dir='ltr'><strong>QUAESTIONES</strong></span> <span class='ocrx_word' id='word_1_3' title='bbox 564 133 597 164; x_wconf 90' lang='lat' dir='ltr'>DE</span> <span class='ocrx_word' id='word_1_4' title='bbox 613 132 777 165; x_wconf 82' lang='lat' dir='ltr'>CONSCIENTIA</span> 
     </span>
    </p>
   </div>
   <div class='ocr_carea' id='block_1_2' title="bbox 153 273 1005 1117">
    <p class='ocr_par' dir='ltr' id='par_1_2' title="bbox 153 273 1005 960">
     <span class='ocr_line' id='line_1_2' title="bbox 185 273 1002 333; baseline 0 -15"><span class='ocrx_word' id='word_1_5' title='bbox 185 273 225 318; x_wconf 89' lang='lat' dir='ltr'>VI.</span> <span class='ocrx_word' id='word_1_6' title='bbox 243 275 326 318; x_wconf 86' lang='lat' dir='ltr'>«Dum</span> <span class='ocrx_word' id='word_1_7' title='bbox 341 276 440 330; x_wconf 91' lang='lat' dir='ltr'>utraque</span> <span class='ocrx_word' id='word_1_8' title='bbox 455 288 508 331; x_wconf 91' lang='lat' dir='ltr'>pars</span> <span class='ocrx_word' id='word_1_9' title='bbox 524 274 713 319; x_wconf 73' lang='lat' dir='ltr'>contradictionis</span> <span class='ocrx_word' id='word_1_10' title='bbox 729 278 764 318; x_wconf 99' lang='grc' dir='ltr'>θεῖ</span> <span class='ocrx_word' id='word_1_11' title='bbox 780 289 853 332; x_wconf 89' lang='lat' dir='ltr'>aeque</span> <span class='ocrx_word' id='word_1_12' title='bbox 868 274 1002 333; x_wconf 89' lang='lat' dir='ltr'>probabilis,</span> 
     </span>
     <span class='ocr_line' id='line_1_3' title="bbox 154 351 1003 411; baseline 0.002 -16"><span class='ocrx_word' id='word_1_13' title='bbox 154 354 239 397; x_wconf 85' lang='lat' dir='ltr'>neutra</span> <span class='ocrx_word' id='word_1_14' title='bbox 255 354 296 395; x_wconf 83' lang='grc' dir='ltr'>θεῖ</span> <span class='ocrx_word' id='word_1_15' title='bbox 307 351 399 409; x_wconf 77' lang='lat' dir='ltr'>proprie</span> <span class='ocrx_word' id='word_1_16' title='bbox 416 355 439 395; x_wconf 89' lang='lat' dir='ltr'>et</span> <span class='ocrx_word' id='word_1_17' title='bbox 457 353 563 409; x_wconf 84' lang='lat' dir='ltr'>expedite</span> <span class='ocrx_word' id='word_1_18' title='bbox 580 353 736 410; x_wconf 81' lang='lat' dir='ltr'>probabilis.»</span> <span class='ocrx_word' id='word_1_19' title='bbox 754 353 799 398; x_wconf 88' lang='lat' dir='ltr'>Sed</span> <span class='ocrx_word' id='word_1_20' title='bbox 815 353 834 396; x_wconf 92' lang='lat' dir='ltr'>si</span> <span class='ocrx_word' id='word_1_21' title='bbox 851 357 934 399; x_wconf 92' lang='lat' dir='ltr'>neutra</span> <span class='ocrx_word' id='word_1_22' title='bbox 949 367 1003 411; x_wconf 88' lang='lat' dir='ltr'>pars</span> 
     </span>
     <span class='ocr_line' id='line_1_4' title="bbox 153 417 1003 488; baseline 0.001 -14"><span class='ocrx_word' id='word_1_23' title='bbox 153 433 190 474; x_wconf 88' lang='lat' dir='ltr'>est</span> <span class='ocrx_word' id='word_1_24' title='bbox 209 430 302 487; x_wconf 85' lang='lat' dir='ltr'>proprie</span> <span class='ocrx_word' id='word_1_25' title='bbox 321 433 343 473; x_wconf 95' lang='lat' dir='ltr'>et</span> <span class='ocrx_word' id='word_1_26' title='bbox 363 431 471 487; x_wconf 82' lang='lat' dir='ltr'>expedite</span> <span class='ocrx_word' id='word_1_27' title='bbox 489 431 622 488; x_wconf 90' lang='lat' dir='ltr'>probabilis,</span> <span class='ocrx_word' id='word_1_28' title='bbox 642 435 746 477; x_wconf 81' lang='lat' dir='ltr'>remanet</span> <span class='ocrx_word' id='word_1_29' title='bbox 765 431 906 475; x_wconf 87' lang='lat' dir='ltr'>conscientia</span> <span class='ocrx_word' id='word_1_30' title='bbox 924 417 1003 475; x_wconf 90' lang='lat' dir='ltr'>stricte</span> 
     </span>
     <span class='ocr_line' id='line_1_5' title="bbox 153 508 1003 567; baseline 0.001 -14"><span class='ocrx_word' id='word_1_31' title='bbox 153 508 235 553; x_wconf 87' lang='lat' dir='ltr'>dubia.</span> <span class='ocrx_word' id='word_1_32' title='bbox 246 510 324 560; x_wconf 86' lang='lat' dir='ltr'>Porro,</span> <span class='ocrx_word' id='word_1_33' title='bbox 334 509 358 552; x_wconf 93' lang='lat' dir='ltr'>in</span> <span class='ocrx_word' id='word_1_34' title='bbox 366 509 507 563; x_wconf 86' lang='lat' dir='ltr'>conscientia</span> <span class='ocrx_word' id='word_1_35' title='bbox 514 510 593 555; x_wconf 88' lang='lat' dir='ltr'>stricte</span> <span class='ocrx_word' id='word_1_36' title='bbox 602 511 681 562; x_wconf 80' lang='lat' dir='ltr'>dubia,</span> <span class='ocrx_word' id='word_1_37' title='bbox 690 524 745 567; x_wconf 86' lang='lat' dir='ltr'>pars</span> <span class='ocrx_word' id='word_1_38' title='bbox 753 510 827 557; x_wconf 92' lang='lat' dir='ltr'>tutior</span> <span class='ocrx_word' id='word_1_39' title='bbox 836 514 870 554; x_wconf 92' lang='lat' dir='ltr'>est</span> <span class='ocrx_word' id='word_1_40' title='bbox 879 511 1003 567; x_wconf 89' lang='lat' dir='ltr'>sequenda,</span> 
     </span>
     <span class='ocr_line' id='line_1_6' title="bbox 154 587 1002 646; baseline 0.002 -16"><span class='ocrx_word' id='word_1_41' title='bbox 154 587 215 631; x_wconf 90' lang='lat' dir='ltr'>sicut</span> <span class='ocrx_word' id='word_1_42' title='bbox 233 601 313 631; x_wconf 91' lang='lat' dir='ltr'>omnes</span> <span class='ocrx_word' id='word_1_43' title='bbox 330 589 459 631; x_wconf 92' lang='lat' dir='ltr'>concedunt</span> <span class='ocrx_word' id='word_1_44' title='bbox 479 587 520 644; x_wconf 84' lang='lat' dir='ltr'>(cir</span> <span class='ocrx_word' id='word_1_45' title='bbox 534 588 641 640; x_wconf 90' lang='lat' dir='ltr'>Billuart,</span> <span class='ocrx_word' id='word_1_46' title='bbox 660 590 673 633; x_wconf 86' lang='lat' dir='ltr'>l.</span> <span class='ocrx_word' id='word_1_47' title='bbox 692 604 717 641; x_wconf 74' lang='lat' dir='ltr'>a,</span> <span class='ocrx_word' id='word_1_48' title='bbox 736 604 756 632; x_wconf 95' lang='lat' dir='ltr'>a.</span> <span class='ocrx_word' id='word_1_49' title='bbox 774 602 794 640; x_wconf 81' lang='lat' dir='ltr'>a,</span> <span class='ocrx_word' id='word_1_50' title='bbox 812 604 835 646; x_wconf 89' lang='lat' dir='ltr'>p.</span> <span class='ocrx_word' id='word_1_51' title='bbox 852 601 896 646; x_wconf 79' lang='lat'>370</span> <span class='ocrx_word' id='word_1_52' title='bbox 912 593 935 633; x_wconf 91' lang='lat' dir='ltr'>et</span> <span class='ocrx_word' id='word_1_53' title='bbox 952 588 1002 646; x_wconf 82' lang='lat'>376,</span> 
     </span>
     <span class='ocr_line' id='line_1_7' title="bbox 153 666 1003 725; baseline 0.001 -15"><span class='ocrx_word' id='word_1_54' title='bbox 153 666 299 718; x_wconf 89' lang='lat' dir='ltr'>Beaudouin‚</span> <span class='ocrx_word' id='word_1_55' title='bbox 312 670 347 724; x_wconf 77' lang='lat' dir='ltr'>op.</span> <span class='ocrx_word' id='word_1_56' title='bbox 359 666 403 718; x_wconf 73' lang='lat' dir='ltr'>cit,</span> <span class='ocrx_word' id='word_1_57' title='bbox 415 681 437 724; x_wconf 80' lang='lat' dir='ltr'>p,</span> <span class='ocrx_word' id='word_1_58' title='bbox 447 676 495 722; x_wconf 84' lang='lat'>105,</span> <span class='ocrx_word' id='word_1_59' title='bbox 507 667 575 725; x_wconf 64' lang='lat' dir='ltr'>sqql.</span> <span class='ocrx_word' id='word_1_60' title='bbox 588 669 655 725; x_wconf 84' lang='lat' dir='ltr'>Ergo,</span> <span class='ocrx_word' id='word_1_61' title='bbox 663 668 687 710; x_wconf 91' lang='lat' dir='ltr'>in</span> <span class='ocrx_word' id='word_1_62' title='bbox 698 667 810 711; x_wconf 89' lang='lat' dir='ltr'>conflictu</span> <span class='ocrx_word' id='word_1_63' title='bbox 820 668 920 714; x_wconf 89' lang='lat' dir='ltr'>duarum</span> <span class='ocrx_word' id='word_1_64' title='bbox 931 681 1003 725; x_wconf 87' lang='lat' dir='ltr'>aeque</span> 
     </span>
     <span class='ocr_line' id='line_1_8' title="bbox 154 744 1003 803; baseline -0.001 -13"><span class='ocrx_word' id='word_1_65' title='bbox 154 744 320 803; x_wconf 84' lang='lat' dir='ltr'>probabilium,</span> <span class='ocrx_word' id='word_1_66' title='bbox 340 759 394 802; x_wconf 89' lang='lat' dir='ltr'>pars</span> <span class='ocrx_word' id='word_1_67' title='bbox 413 746 486 791; x_wconf 90' lang='lat' dir='ltr'>tutior</span> <span class='ocrx_word' id='word_1_68' title='bbox 505 749 539 789; x_wconf 91' lang='lat' dir='ltr'>est</span> <span class='ocrx_word' id='word_1_69' title='bbox 559 747 729 803; x_wconf 84' lang='lat' dir='ltr'>amplectenda,</span> <span class='ocrx_word' id='word_1_70' title='bbox 749 746 763 790; x_wconf 91' lang='lat' dir='ltr'>i.</span> <span class='ocrx_word' id='word_1_71' title='bbox 784 761 803 790; x_wconf 91' lang='lat' dir='ltr'>e.</span> <span class='ocrx_word' id='word_1_72' title='bbox 822 747 941 803; x_wconf 88' lang='lat' dir='ltr'>sequenda</span> <span class='ocrx_word' id='word_1_73' title='bbox 959 746 1003 790; x_wconf 79' lang='lat' dir='ltr'>lex.</span> 
     </span>
     <span class='ocr_line' id='line_1_9' title="bbox 156 823 1005 882; baseline -0.001 -14"><span class='ocrx_word' id='word_1_74' title='bbox 156 823 262 868; x_wconf 89' lang='lat' dir='ltr'>Primum</span> <span class='ocrx_word' id='word_1_75' title='bbox 278 824 417 867; x_wconf 67' lang='lat' dir='ltr'>antecedens</span> <span class='ocrx_word' id='word_1_76' title='bbox 432 825 545 881; x_wconf 87' lang='lat' dir='ltr'>probatur</span> <span class='ocrx_word' id='word_1_77' title='bbox 561 839 590 868; x_wconf 80' lang='lat' dir='ltr'>ex</span> <span class='ocrx_word' id='word_1_78' title='bbox 604 824 698 868; x_wconf 87' lang='lat' dir='ltr'>elisione</span> <span class='ocrx_word' id='word_1_79' title='bbox 714 825 917 882; x_wconf 82' lang='lat' dir='ltr'>probabilitatum,</span> <span class='ocrx_word' id='word_1_80' title='bbox 935 838 1005 881; x_wconf 85' lang='lat' dir='ltr'>quam</span> 
     </span>
     <span class='ocr_line' id='line_1_10' title="bbox 154 902 1004 960; baseline 0.002 -16"><span class='ocrx_word' id='word_1_81' title='bbox 154 902 201 958; x_wconf 85' lang='lat' dir='ltr'>ipsi</span> <span class='ocrx_word' id='word_1_82' title='bbox 218 902 293 945; x_wconf 91' lang='lat' dir='ltr'>solent</span> <span class='ocrx_word' id='word_1_83' title='bbox 313 906 394 949; x_wconf 88' lang='lat' dir='ltr'>contra</span> <span class='ocrx_word' id='word_1_84' title='bbox 412 917 481 960; x_wconf 93' lang='lat' dir='ltr'>puros</span> <span class='ocrx_word' id='word_1_85' title='bbox 499 903 664 960; x_wconf 87' lang='lat' dir='ltr'>probabilistas</span> <span class='ocrx_word' id='word_1_86' title='bbox 682 903 743 947; x_wconf 84' lang='lat' dir='ltr'>tueri</span> <span class='ocrx_word' id='word_1_87' title='bbox 762 902 1004 960; x_wconf 86' lang='lat' dir='ltr'>aequiprobabilistae.</span> 
     </span>
    </p>

    <p class='ocr_par' dir='ltr' id='par_1_3' title="bbox 156 980 1005 1117">
     <span class='ocr_line' id='line_1_11' title="bbox 186 980 1005 1039; baseline -0.001 -15"><span class='ocrx_word' id='word_1_88' title='bbox 186 980 305 1026; x_wconf 87' lang='lat' dir='ltr'>Adversus</span> <span class='ocrx_word' id='word_1_89' title='bbox 326 981 466 1038; x_wconf 86' lang='lat' dir='ltr'>principium</span> <span class='ocrx_word' id='word_1_90' title='bbox 486 981 642 1038; x_wconf 81' lang='lat' dir='ltr'>possessionis,</span> <span class='ocrx_word' id='word_1_91' title='bbox 665 995 711 1038; x_wconf 88' lang='lat' dir='ltr'>quo</span> <span class='ocrx_word' id='word_1_92' title='bbox 732 981 880 1039; x_wconf 80' lang='lat' dir='ltr'>restringitur</span> <span class='ocrx_word' id='word_1_93' title='bbox 900 981 1005 1025; x_wconf 87' lang='lat' dir='ltr'>doctrina</span> 
     </span>
     <span class='ocr_line' id='line_1_12' title="bbox 156 1058 797 1117; baseline 0.002 -15"><span class='ocrx_word' id='word_1_94' title='bbox 156 1058 395 1115; x_wconf 83' lang='lat' dir='ltr'>aequiprobabilismi,</span> <span class='ocrx_word' id='word_1_95' title='bbox 412 1061 555 1103; x_wconf 90' lang='lat' dir='ltr'>contendunt</span> <span class='ocrx_word' id='word_1_96' title='bbox 572 1058 774 1117; x_wconf 87' lang='lat' dir='ltr'>probabilioristae</span> <span class='ocrx_word' id='word_1_97' title='bbox 793 1073 797 1103; x_wconf 90' lang='lat'>:</span> 
     </span>
    </p>
   </div>
   <div class='ocr_carea' id='block_1_3' title="bbox 114 1187 1005 1480">
    <p class='ocr_par' dir='ltr' id='par_1_4' title="bbox 114 1187 1005 1480">
     <span class='ocr_line' id='line_1_13' title="bbox 187 1187 1004 1246; baseline -0.004 -13"><span class='ocrx_word' id='word_1_98' title='bbox 187 1189 241 1233; x_wconf 87' lang='lat' dir='ltr'>VH.</span> <span class='ocrx_word' id='word_1_99' title='bbox 259 1189 287 1232; x_wconf 87' lang='lat' dir='ltr'>In</span> <span class='ocrx_word' id='word_1_100' title='bbox 302 1188 373 1231; x_wconf 90' lang='lat' dir='ltr'>dubio</span> <span class='ocrx_word' id='word_1_101' title='bbox 389 1189 418 1232; x_wconf 94' lang='lat' dir='ltr'>de</span> <span class='ocrx_word' id='word_1_102' title='bbox 433 1189 488 1246; x_wconf 89' lang='lat' dir='ltr'>legis</span> <span class='ocrx_word' id='word_1_103' title='bbox 504 1189 646 1240; x_wconf 77' lang='lat' dir='ltr'>exsistentia,</span> <span class='ocrx_word' id='word_1_104' title='bbox 663 1203 710 1232; x_wconf 90' lang='lat' dir='ltr'>non</span> <span class='ocrx_word' id='word_1_105' title='bbox 732 1192 796 1232; x_wconf 89' lang='lat' dir='ltr'>certa</span> <span class='ocrx_word' id='word_1_106' title='bbox 811 1192 853 1240; x_wconf 77' lang='lat' dir='ltr'>est,</span> <span class='ocrx_word' id='word_1_107' title='bbox 876 1189 917 1232; x_wconf 90' lang='lat' dir='ltr'>sed</span> <span class='ocrx_word' id='word_1_108' title='bbox 932 1187 1004 1231; x_wconf 90' lang='lat' dir='ltr'>dubia</span> 
     </span>
     <span class='ocr_line' id='line_1_14' title="bbox 156 1266 1004 1324; baseline 0 -15"><span class='ocrx_word' id='word_1_109' title='bbox 156 1266 272 1324; x_wconf 89' lang='lat' dir='ltr'>possessio</span> <span class='ocrx_word' id='word_1_110' title='bbox 285 1266 400 1312; x_wconf 76' lang='lat' dir='ltr'>libertatis</span> <span class='ocrx_word' id='word_1_111' title='bbox 416 1266 451 1324; x_wconf 87' lang='lat' dir='ltr'>(ea</span> <span class='ocrx_word' id='word_1_112' title='bbox 464 1267 525 1311; x_wconf 90' lang='lat' dir='ltr'>enim</span> <span class='ocrx_word' id='word_1_113' title='bbox 538 1271 573 1311; x_wconf 90' lang='lat' dir='ltr'>est</span> <span class='ocrx_word' id='word_1_114' title='bbox 586 1267 621 1310; x_wconf 92' lang='lat' dir='ltr'>ius</span> <span class='ocrx_word' id='word_1_115' title='bbox 635 1267 736 1311; x_wconf 74' lang='lat' dir='ltr'>faciendi</span> <span class='ocrx_word' id='word_1_116' title='bbox 750 1268 812 1323; x_wconf 90' lang='lat' dir='ltr'>quod</span> <span class='ocrx_word' id='word_1_117' title='bbox 825 1267 926 1319; x_wconf 78' lang='lat' dir='ltr'>libuerit,</span> <span class='ocrx_word' id='word_1_118' title='bbox 941 1266 1004 1322; x_wconf 90' lang='lat' dir='ltr'>quod</span> 
     </span>
     <span class='ocr_line' id='line_1_15' title="bbox 114 1344 1005 1403; baseline -0.001 -15"><span class='ocrx_word' id='word_1_119' title='bbox 114 1380 116 1382; x_wconf 93' lang='lat'>.</span> <span class='ocrx_word' id='word_1_120' title='bbox 157 1359 205 1388; x_wconf 87' lang='lat' dir='ltr'>non</span> <span class='ocrx_word' id='word_1_121' title='bbox 223 1345 297 1397; x_wconf 86' lang='lat' dir='ltr'>adest,</span> <span class='ocrx_word' id='word_1_122' title='bbox 315 1344 360 1388; x_wconf 92' lang='lat' dir='ltr'>nisi</span> <span class='ocrx_word' id='word_1_123' title='bbox 377 1359 431 1388; x_wconf 93' lang='lat' dir='ltr'>cum</span> <span class='ocrx_word' id='word_1_124' title='bbox 448 1349 537 1391; x_wconf 91' lang='lat' dir='ltr'>certum</span> <span class='ocrx_word' id='word_1_125' title='bbox 554 1349 595 1397; x_wconf 88' lang='lat' dir='ltr'>est,</span> <span class='ocrx_word' id='word_1_126' title='bbox 613 1347 687 1403; x_wconf 90' lang='lat' dir='ltr'>legem</span> <span class='ocrx_word' id='word_1_127' title='bbox 705 1346 785 1389; x_wconf 90' lang='lat' dir='ltr'>obesse</span> <span class='ocrx_word' id='word_1_128' title='bbox 803 1345 908 1402; x_wconf 89' lang='lat' dir='ltr'>nullam).</span> <span class='ocrx_word' id='word_1_129' title='bbox 928 1346 1005 1396; x_wconf 90' lang='lat' dir='ltr'>Porro,</span> 
     </span>
     <span class='ocr_line' id='line_1_16' title="bbox 125 1423 1005 1480; baseline -0.002 -13"><span class='ocrx_word' id='word_1_130' title='bbox 125 1428 127 1431; x_wconf 79' lang='grc'><strong>“</strong></span> <span class='ocrx_word' id='word_1_131' title='bbox 156 1423 231 1467; x_wconf 90' lang='lat' dir='ltr'>dubia</span> <span class='ocrx_word' id='word_1_132' title='bbox 239 1423 353 1480; x_wconf 89' lang='lat' dir='ltr'>possessio</span> <span class='ocrx_word' id='word_1_133' title='bbox 363 1424 481 1469; x_wconf 89' lang='lat' dir='ltr'>meliorem</span> <span class='ocrx_word' id='word_1_134' title='bbox 490 1438 537 1478; x_wconf 87' lang='lat' dir='ltr'>non</span> <span class='ocrx_word' id='word_1_135' title='bbox 546 1424 601 1467; x_wconf 82' lang='lat' dir='ltr'>iacit</span> <span class='ocrx_word' id='word_1_136' title='bbox 611 1424 770 1468; x_wconf 89' lang='lat' dir='ltr'>condicionem</span> <span class='ocrx_word' id='word_1_137' title='bbox 779 1424 926 1480; x_wconf 87' lang='lat' dir='ltr'>possidentis.</span> <span class='ocrx_word' id='word_1_138' title='bbox 934 1425 1005 1480; x_wconf 77' lang='lat' dir='ltr'>Ergo,</span> 
     </span>
    </p>
   </div>
   <div class='ocr_carea' id='block_1_4' title="bbox 146 1550 1009 2858">
    <p class='ocr_par' dir='ltr' id='par_1_5' title="bbox 146 1550 1009 2858">
     <span class='ocr_line' id='line_1_17' title="bbox 188 1550 1005 1610; baseline -0.004 -13"><span class='ocrx_word' id='word_1_139' title='bbox 188 1553 256 1597; x_wconf 88' lang='lat' dir='ltr'><strong>VIII.</strong></span> <span class='ocrx_word' id='word_1_140' title='bbox 273 1553 405 1596; x_wconf 86' lang='lat' dir='ltr'>Secundum</span> <span class='ocrx_word' id='word_1_141' title='bbox 420 1552 659 1610; x_wconf 87' lang='lat' dir='ltr'>aequiprobabilistas,</span> <span class='ocrx_word' id='word_1_142' title='bbox 674 1551 713 1595; x_wconf 83' lang='lat' dir='ltr'>lex</span> <span class='ocrx_word' id='word_1_143' title='bbox 727 1566 780 1598; x_wconf 82' lang='lat' dir='ltr'>Vere</span> <span class='ocrx_word' id='word_1_144' title='bbox 795 1552 873 1604; x_wconf 91' lang='lat' dir='ltr'>dubia,</span> <span class='ocrx_word' id='word_1_145' title='bbox 890 1566 933 1609; x_wconf 79' lang='lat' dir='ltr'>qua</span> <span class='ocrx_word' id='word_1_146' title='bbox 947 1550 1005 1601; x_wconf 75' lang='lat' dir='ltr'>tulis,</span> 
     </span>
     <span class='ocr_line' id='line_1_18' title="bbox 157 1630 1004 1688; baseline -0.002 -15"><span class='ocrx_word' id='word_1_147' title='bbox 157 1630 208 1673; x_wconf 85' lang='lat' dir='ltr'>vim</span> <span class='ocrx_word' id='word_1_148' title='bbox 226 1630 315 1673; x_wconf 89' lang='lat' dir='ltr'>amittit</span> <span class='ocrx_word' id='word_1_149' title='bbox 333 1630 458 1687; x_wconf 88' lang='lat' dir='ltr'>obligandi.</span> <span class='ocrx_word' id='word_1_150' title='bbox 477 1633 531 1688; x_wconf 83' lang='lat' dir='ltr'>ipso</span> <span class='ocrx_word' id='word_1_151' title='bbox 553 1630 614 1674; x_wconf 88' lang='lat' dir='ltr'>enim</span> <span class='ocrx_word' id='word_1_152' title='bbox 635 1630 706 1675; x_wconf 89' lang='lat' dir='ltr'>dubio</span> <span class='ocrx_word' id='word_1_153' title='bbox 729 1630 873 1687; x_wconf 86' lang='lat' dir='ltr'>speculativo</span> <span class='ocrx_word' id='word_1_154' title='bbox 890 1630 1004 1680; x_wconf 86' lang='lat' dir='ltr'>nituntur,</span> 
     </span>
     <span class='ocr_line' id='line_1_19' title="bbox 158 1707 1004 1767; baseline -0.002 -15"><span class='ocrx_word' id='word_1_155' title='bbox 158 1712 186 1752; x_wconf 89' lang='lat' dir='ltr'>ut</span> <span class='ocrx_word' id='word_1_156' title='bbox 203 1709 325 1754; x_wconf 80' lang='lat' dir='ltr'>efforment</span> <span class='ocrx_word' id='word_1_157' title='bbox 342 1708 453 1752; x_wconf 92' lang='lat' dir='ltr'>iudicium</span> <span class='ocrx_word' id='word_1_158' title='bbox 469 1713 557 1755; x_wconf 88' lang='lat' dir='ltr'>certum</span> <span class='ocrx_word' id='word_1_159' title='bbox 573 1709 709 1767; x_wconf 86' lang='lat' dir='ltr'>practicum.</span> <span class='ocrx_word' id='word_1_160' title='bbox 728 1709 773 1753; x_wconf 85' lang='lat' dir='ltr'>Sed</span> <span class='ocrx_word' id='word_1_161' title='bbox 789 1708 887 1752; x_wconf 92' lang='lat' dir='ltr'>dubium</span> <span class='ocrx_word' id='word_1_162' title='bbox 904 1722 947 1765; x_wconf 78' lang='lat' dir='ltr'>qua</span> <span class='ocrx_word' id='word_1_163' title='bbox 963 1707 1004 1751; x_wconf 78' lang='lat' dir='ltr'>tale</span> 
     </span>
     <span class='ocr_line' id='line_1_20' title="bbox 158 1786 1004 1843; baseline -0.004 -13"><span class='ocrx_word' id='word_1_164' title='bbox 158 1801 207 1830; x_wconf 91' lang='lat' dir='ltr'>non</span> <span class='ocrx_word' id='word_1_165' title='bbox 222 1787 321 1833; x_wconf 86' lang='lat' dir='ltr'>afficitur</span> <span class='ocrx_word' id='word_1_166' title='bbox 335 1788 382 1830; x_wconf 92' lang='lat' dir='ltr'>ullo</span> <span class='ocrx_word' id='word_1_167' title='bbox 397 1788 467 1831; x_wconf 92' lang='lat' dir='ltr'>modo</span> <span class='ocrx_word' id='word_1_168' title='bbox 481 1787 611 1833; x_wconf 88' lang='lat' dir='ltr'>discrimine</span> <span class='ocrx_word' id='word_1_169' title='bbox 626 1787 666 1831; x_wconf 93' lang='lat' dir='ltr'>illo</span> <span class='ocrx_word' id='word_1_170' title='bbox 682 1787 745 1843; x_wconf 91' lang='lat' dir='ltr'>quod</span> <span class='ocrx_word' id='word_1_171' title='bbox 760 1790 795 1830; x_wconf 91' lang='lat' dir='ltr'>est</span> <span class='ocrx_word' id='word_1_172' title='bbox 810 1801 840 1830; x_wconf 80' lang='lat' dir='ltr'>ex</span> <span class='ocrx_word' id='word_1_173' title='bbox 854 1786 1004 1830; x_wconf 86' lang='lat' dir='ltr'>antecedente</span> 
     </span>
     <span class='ocr_line' id='line_1_21' title="bbox 159 1864 1005 1923; baseline -0.001 -15"><span class='ocrx_word' id='word_1_174' title='bbox 159 1866 303 1923; x_wconf 90' lang='lat' dir='ltr'>possessione</span> <span class='ocrx_word' id='word_1_175' title='bbox 319 1866 375 1923; x_wconf 89' lang='lat' dir='ltr'>legis</span> <span class='ocrx_word' id='word_1_176' title='bbox 393 1869 433 1909; x_wconf 89' lang='lat' dir='ltr'>aut</span> <span class='ocrx_word' id='word_1_177' title='bbox 449 1866 570 1912; x_wconf 83' lang='lat' dir='ltr'>libertatis.</span> <span class='ocrx_word' id='word_1_178' title='bbox 588 1867 625 1910; x_wconf 92' lang='lat' dir='ltr'>Ad</span> <span class='ocrx_word' id='word_1_179' title='bbox 641 1880 689 1911; x_wconf 89' lang='lat' dir='ltr'>rem</span> <span class='ocrx_word' id='word_1_180' title='bbox 705 1865 811 1917; x_wconf 86' lang='lat' dir='ltr'>Billuart,</span> <span class='ocrx_word' id='word_1_181' title='bbox 831 1870 865 1923; x_wconf 74' lang='lat' dir='ltr'>op.</span> <span class='ocrx_word' id='word_1_182' title='bbox 884 1864 926 1916; x_wconf 76' lang='lat' dir='ltr'>cit,</span> <span class='ocrx_word' id='word_1_183' title='bbox 946 1879 965 1908; x_wconf 89' lang='lat' dir='ltr'>a.</span> <span class='ocrx_word' id='word_1_184' title='bbox 984 1877 1005 1915; x_wconf 80' lang='lat' dir='ltr'>a,</span> 
     </span>
     <span class='ocr_line' id='line_1_22' title="bbox 158 1942 1006 2003; baseline -0.005 -15"><span class='ocrx_word' id='word_1_185' title='bbox 158 1959 183 2002; x_wconf 89' lang='lat' dir='ltr'>p.</span> <span class='ocrx_word' id='word_1_186' title='bbox 200 1945 242 2000; x_wconf 80' lang='lat'>378</span> <span class='ocrx_word' id='word_1_187' title='bbox 261 1958 265 1988; x_wconf 91' lang='lat'>:</span> <span class='ocrx_word' id='word_1_188' title='bbox 284 1960 293 1984; x_wconf 80' lang='grc' dir='ltr'>ε</span> <span class='ocrx_word' id='word_1_189' title='bbox 303 1945 370 2003; x_wconf 72' lang='lat' dir='ltr'>Quid,</span> <span class='ocrx_word' id='word_1_190' title='bbox 388 1959 480 2001; x_wconf 84' lang='lat' dir='ltr'>quaeso,</span> <span class='ocrx_word' id='word_1_191' title='bbox 497 1944 559 1996; x_wconf 86' lang='lat' dir='ltr'>iacit,</span> <span class='ocrx_word' id='word_1_192' title='bbox 576 1944 622 1987; x_wconf 91' lang='lat' dir='ltr'>ista</span> <span class='ocrx_word' id='word_1_193' title='bbox 636 1943 751 2001; x_wconf 87' lang='lat' dir='ltr'>possessio</span> <span class='ocrx_word' id='word_1_194' title='bbox 767 1943 881 1989; x_wconf 72' lang='lat' dir='ltr'>libertatis</span> <span class='ocrx_word' id='word_1_195' title='bbox 897 1943 935 1986; x_wconf 85' lang='lat' dir='ltr'>vel</span> <span class='ocrx_word' id='word_1_196' title='bbox 950 1942 1006 1999; x_wconf 90' lang='lat' dir='ltr'>legis</span> 
     </span>
     <span class='ocr_line' id='line_1_23' title="bbox 158 2022 1006 2079; baseline -0.002 -14"><span class='ocrx_word' id='word_1_197' title='bbox 158 2023 190 2066; x_wconf 92' lang='lat' dir='ltr'>ad</span> <span class='ocrx_word' id='word_1_198' title='bbox 207 2022 362 2079; x_wconf 84' lang='lat' dir='ltr'>cognitionem</span> <span class='ocrx_word' id='word_1_199' title='bbox 378 2023 448 2066; x_wconf 89' lang='lat' dir='ltr'>datae</span> <span class='ocrx_word' id='word_1_200' title='bbox 464 2024 501 2068; x_wconf 87' lang='lat' dir='ltr'>vel</span> <span class='ocrx_word' id='word_1_201' title='bbox 517 2037 563 2066; x_wconf 89' lang='lat' dir='ltr'>non</span> <span class='ocrx_word' id='word_1_202' title='bbox 579 2023 648 2066; x_wconf 90' lang='lat' dir='ltr'>datae</span> <span class='ocrx_word' id='word_1_203' title='bbox 665 2022 816 2066; x_wconf 89' lang='lat' dir='ltr'>duodecimae</span> <span class='ocrx_word' id='word_1_204' title='bbox 834 2022 920 2078; x_wconf 78' lang='lat' dir='ltr'>[horae</span> <span class='ocrx_word' id='word_1_205' title='bbox 938 2023 1006 2063; x_wconf 90' lang='lat' dir='ltr'>nocte</span> 
     </span>
     <span class='ocr_line' id='line_1_24' title="bbox 157 2100 1007 2158; baseline -0.004 -14"><span class='ocrx_word' id='word_1_206' title='bbox 157 2101 245 2144; x_wconf 84' lang='lat' dir='ltr'>scilicet</span> <span class='ocrx_word' id='word_1_207' title='bbox 260 2114 320 2157; x_wconf 91' lang='lat' dir='ltr'>quae</span> <span class='ocrx_word' id='word_1_208' title='bbox 333 2102 395 2145; x_wconf 92' lang='lat' dir='ltr'>diem</span> <span class='ocrx_word' id='word_1_209' title='bbox 410 2101 562 2145; x_wconf 87' lang='lat' dir='ltr'>abstinentiae</span> <span class='ocrx_word' id='word_1_210' title='bbox 575 2102 700 2158; x_wconf 87' lang='lat' dir='ltr'>praecedat</span> <span class='ocrx_word' id='word_1_211' title='bbox 714 2100 752 2144; x_wconf 91' lang='lat' dir='ltr'>vel</span> <span class='ocrx_word' id='word_1_212' title='bbox 764 2103 883 2157; x_wconf 87' lang='lat' dir='ltr'>sequatur]</span> <span class='ocrx_word' id='word_1_213' title='bbox 896 2103 919 2143; x_wconf 89' lang='lat' dir='ltr'>et</span> <span class='ocrx_word' id='word_1_214' title='bbox 929 2113 1007 2142; x_wconf 91' lang='lat' dir='ltr'>conse-</span> 
     </span>
     <span class='ocr_line' id='line_1_25' title="bbox 159 2177 1007 2237; baseline -0.004 -15"><span class='ocrx_word' id='word_1_215' title='bbox 159 2182 258 2235; x_wconf 85' lang='lat' dir='ltr'>quenter</span> <span class='ocrx_word' id='word_1_216' title='bbox 271 2180 326 2237; x_wconf 88' lang='lat' dir='ltr'>legis</span> <span class='ocrx_word' id='word_1_217' title='bbox 341 2179 486 2236; x_wconf 85' lang='lat' dir='ltr'>obligantis?</span> <span class='ocrx_word' id='word_1_218' title='bbox 502 2182 569 2224; x_wconf 90' lang='lat' dir='ltr'>Esset</span> <span class='ocrx_word' id='word_1_219' title='bbox 584 2194 676 2237; x_wconf 92' lang='lat' dir='ltr'>prorsus</span> <span class='ocrx_word' id='word_1_220' title='bbox 691 2178 849 2236; x_wconf 84' lang='lat' dir='ltr'>impertinens,</span> <span class='ocrx_word' id='word_1_221' title='bbox 865 2181 888 2222; x_wconf 93' lang='lat' dir='ltr'>et</span> <span class='ocrx_word' id='word_1_222' title='bbox 903 2177 1007 2220; x_wconf 91' lang='lat' dir='ltr'>omnium</span> 
     </span>
     <span class='ocr_line' id='line_1_26' title="bbox 157 2256 1008 2315; baseline -0.004 -14"><span class='ocrx_word' id='word_1_223' title='bbox 157 2257 232 2301; x_wconf 78' lang='lat' dir='ltr'>sibilis</span> <span class='ocrx_word' id='word_1_224' title='bbox 245 2258 396 2315; x_wconf 86' lang='lat' dir='ltr'>exciperetur,</span> <span class='ocrx_word' id='word_1_225' title='bbox 411 2258 450 2315; x_wconf 88' lang='lat' dir='ltr'>qui</span> <span class='ocrx_word' id='word_1_226' title='bbox 461 2259 616 2315; x_wconf 87' lang='lat' dir='ltr'>interrogatus</span> <span class='ocrx_word' id='word_1_227' title='bbox 629 2272 669 2303; x_wconf 90' lang='lat' dir='ltr'>cur</span> <span class='ocrx_word' id='word_1_228' title='bbox 680 2257 770 2315; x_wconf 84' lang='lat' dir='ltr'>ignoret</span> <span class='ocrx_word' id='word_1_229' title='bbox 782 2256 947 2301; x_wconf 82' lang='lat' dir='ltr'>invincibiliter</span> <span class='ocrx_word' id='word_1_230' title='bbox 959 2269 1008 2299; x_wconf 90' lang='lat' dir='ltr'>esse</span> 
     </span>
     <span class='ocr_line' id='line_1_27' title="bbox 161 2333 1007 2391; baseline -0.004 -12"><span class='ocrx_word' id='word_1_231' title='bbox 161 2336 268 2379; x_wconf 92' lang='lat' dir='ltr'>auditam</span> <span class='ocrx_word' id='word_1_232' title='bbox 285 2336 448 2380; x_wconf 88' lang='lat' dir='ltr'>duodecimam</span> <span class='ocrx_word' id='word_1_233' title='bbox 466 2340 519 2379; x_wconf 89' lang='lat' dir='ltr'>ante</span> <span class='ocrx_word' id='word_1_234' title='bbox 536 2336 616 2382; x_wconf 78' lang='lat' dir='ltr'>feriam</span> <span class='ocrx_word' id='word_1_235' title='bbox 634 2336 680 2379; x_wconf 67' lang='lat' dir='ltr'>gam</span> <span class='ocrx_word' id='word_1_236' title='bbox 697 2339 720 2379; x_wconf 91' lang='lat' dir='ltr'>et</span> <span class='ocrx_word' id='word_1_237' title='bbox 738 2349 761 2378; x_wconf 93' lang='lat' dir='ltr'>se</span> <span class='ocrx_word' id='word_1_238' title='bbox 779 2335 852 2380; x_wconf 90' lang='lat' dir='ltr'>teneri</span> <span class='ocrx_word' id='word_1_239' title='bbox 869 2336 918 2391; x_wconf 87' lang='lat' dir='ltr'>lege</span> <span class='ocrx_word' id='word_1_240' title='bbox 936 2333 1007 2377; x_wconf 89' lang='lat' dir='ltr'>absti-</span> 
     </span>
     <span class='ocr_line' id='line_1_28' title="bbox 146 2403 1008 2472; baseline -0.003 -15"><span class='ocrx_word' id='word_1_241' title='bbox 146 2403 147 2406; x_wconf 22' lang='lat'>¹</span> <span class='ocrx_word' id='word_1_242' title='bbox 159 2414 260 2466; x_wconf 78' lang='lat' dir='ltr'>nentiae,</span> <span class='ocrx_word' id='word_1_243' title='bbox 273 2415 435 2472; x_wconf 87' lang='lat' dir='ltr'>responderet:</span> <span class='ocrx_word' id='word_1_244' title='bbox 448 2414 502 2471; x_wconf 89' lang='lat' dir='ltr'>quia</span> <span class='ocrx_word' id='word_1_245' title='bbox 512 2415 618 2472; x_wconf 92' lang='lat' dir='ltr'>possideo</span> <span class='ocrx_word' id='word_1_246' title='bbox 629 2409 763 2459; x_wconf 87' lang='lat' dir='ltr'>libertatem</span> <span class='ocrx_word' id='word_1_247' title='bbox 770 2428 775 2465; x_wconf 88' lang='lat'>;</span> <span class='ocrx_word' id='word_1_248' title='bbox 787 2417 810 2456; x_wconf 92' lang='lat' dir='ltr'>et</span> <span class='ocrx_word' id='word_1_249' title='bbox 823 2428 835 2456; x_wconf 87' lang='lat' dir='ltr'>e</span> <span class='ocrx_word' id='word_1_250' title='bbox 847 2417 928 2458; x_wconf 91' lang='lat' dir='ltr'>contra</span> <span class='ocrx_word' id='word_1_251' title='bbox 939 2412 1008 2455; x_wconf 91' lang='lat' dir='ltr'>inter-</span> 
     </span>
     <span class='ocr_line' id='line_1_29' title="bbox 159 2490 1008 2550; baseline -0.006 -12"><span class='ocrx_word' id='word_1_252' title='bbox 159 2496 255 2550; x_wconf 90' lang='lat' dir='ltr'>rogatus</span> <span class='ocrx_word' id='word_1_253' title='bbox 270 2507 310 2539; x_wconf 92' lang='lat' dir='ltr'>cur</span> <span class='ocrx_word' id='word_1_254' title='bbox 323 2507 370 2536; x_wconf 90' lang='lat' dir='ltr'>non</span> <span class='ocrx_word' id='word_1_255' title='bbox 384 2493 473 2550; x_wconf 82' lang='lat' dir='ltr'>ignoret</span> <span class='ocrx_word' id='word_1_256' title='bbox 487 2492 650 2537; x_wconf 84' lang='lat' dir='ltr'>invincibiliter</span> <span class='ocrx_word' id='word_1_257' title='bbox 664 2506 713 2535; x_wconf 90' lang='lat' dir='ltr'>esse</span> <span class='ocrx_word' id='word_1_258' title='bbox 728 2492 833 2534; x_wconf 87' lang='lat' dir='ltr'>auditam</span> <span class='ocrx_word' id='word_1_259' title='bbox 847 2490 1008 2534; x_wconf 90' lang='lat' dir='ltr'>duodecimam</span> 
     </span>
     <span class='ocr_line' id='line_1_30' title="bbox 159 2569 1007 2629; baseline -0.004 -15"><span class='ocrx_word' id='word_1_260' title='bbox 159 2575 215 2615; x_wconf 90' lang='lat' dir='ltr'>ante</span> <span class='ocrx_word' id='word_1_261' title='bbox 226 2571 287 2615; x_wconf 91' lang='lat' dir='ltr'>diem</span> <span class='ocrx_word' id='word_1_262' title='bbox 297 2572 445 2624; x_wconf 88' lang='lat' dir='ltr'>dominicam,</span> <span class='ocrx_word' id='word_1_263' title='bbox 456 2572 604 2629; x_wconf 90' lang='lat' dir='ltr'>responderet</span> <span class='ocrx_word' id='word_1_264' title='bbox 617 2585 621 2615; x_wconf 89' lang='lat'><strong>:</strong></span> <span class='ocrx_word' id='word_1_265' title='bbox 632 2571 687 2627; x_wconf 90' lang='lat' dir='ltr'>quia</span> <span class='ocrx_word' id='word_1_266' title='bbox 697 2584 743 2614; x_wconf 92' lang='lat' dir='ltr'>non</span> <span class='ocrx_word' id='word_1_267' title='bbox 753 2570 857 2627; x_wconf 89' lang='lat' dir='ltr'>possides</span> <span class='ocrx_word' id='word_1_268' title='bbox 867 2569 1007 2612; x_wconf 87' lang='lat' dir='ltr'>libertatem.</span> 
     </span>
     <span class='ocr_line' id='line_1_31' title="bbox 162 2648 1009 2707; baseline -0.005 -14"><span class='ocrx_word' id='word_1_269' title='bbox 162 2651 264 2707; x_wconf 90' lang='lat' dir='ltr'>Ingenue</span> <span class='ocrx_word' id='word_1_270' title='bbox 274 2650 355 2702; x_wconf 80' lang='lat' dir='ltr'>fateor,</span> <span class='ocrx_word' id='word_1_271' title='bbox 366 2650 425 2696; x_wconf 89' lang='lat' dir='ltr'>citra</span> <span class='ocrx_word' id='word_1_272' title='bbox 434 2650 544 2707; x_wconf 84' lang='lat' dir='ltr'>cuiusque</span> <span class='ocrx_word' id='word_1_273' title='bbox 553 2649 668 2701; x_wconf 88' lang='lat' dir='ltr'>iniuriam,</span> <span class='ocrx_word' id='word_1_274' title='bbox 679 2649 737 2693; x_wconf 88' lang='lat' dir='ltr'>haec</span> <span class='ocrx_word' id='word_1_275' title='bbox 745 2648 804 2691; x_wconf 89' lang='lat' dir='ltr'>mihi</span> <span class='ocrx_word' id='word_1_276' title='bbox 813 2648 922 2691; x_wconf 88' lang='lat' dir='ltr'>videntur</span> <span class='ocrx_word' id='word_1_277' title='bbox 931 2648 1009 2704; x_wconf 87' lang='lat' dir='ltr'>legum</span> 
     </span>
     <span class='ocr_line' id='line_1_32' title="bbox 159 2727 1008 2784; baseline -0.005 -13"><span class='ocrx_word' id='word_1_278' title='bbox 159 2728 332 2772; x_wconf 91' lang='lat' dir='ltr'>ludificationes</span> <span class='ocrx_word' id='word_1_279' title='bbox 343 2732 366 2772; x_wconf 91' lang='lat' dir='ltr'>et</span> <span class='ocrx_word' id='word_1_280' title='bbox 377 2742 430 2771; x_wconf 90' lang='lat' dir='ltr'>cum</span> <span class='ocrx_word' id='word_1_281' title='bbox 442 2731 490 2774; x_wconf 91' lang='lat' dir='ltr'>Deo</span> <span class='ocrx_word' id='word_1_282' title='bbox 501 2728 666 2780; x_wconf 82' lang='lat' dir='ltr'>cavillationes,</span> <span class='ocrx_word' id='word_1_283' title='bbox 678 2727 703 2770; x_wconf 84' lang='lat' dir='ltr'>in</span> <span class='ocrx_word' id='word_1_284' title='bbox 714 2727 798 2784; x_wconf 90' lang='lat' dir='ltr'>quibus</span> <span class='ocrx_word' id='word_1_285' title='bbox 809 2730 895 2777; x_wconf 91' lang='lat' dir='ltr'>tamen,</span> <span class='ocrx_word' id='word_1_286' title='bbox 907 2730 1008 2768; x_wconf 90' lang='lat' dir='ltr'>tremens</span> 
     </span>
     <span class='ocr_line' id='line_1_33' title="bbox 159 2806 917 2858; baseline -0.005 -9"><span class='ocrx_word' id='word_1_287' title='bbox 159 2807 220 2858; x_wconf 80' lang='lat' dir='ltr'>dico,</span> <span class='ocrx_word' id='word_1_288' title='bbox 239 2807 340 2852; x_wconf 90' lang='lat' dir='ltr'>vertitur</span> <span class='ocrx_word' id='word_1_289' title='bbox 357 2808 427 2850; x_wconf 89' lang='lat' dir='ltr'>cardo</span> <span class='ocrx_word' id='word_1_290' title='bbox 445 2807 526 2850; x_wconf 89' lang='lat' dir='ltr'>salutis</span> <span class='ocrx_word' id='word_1_291' title='bbox 545 2810 586 2850; x_wconf 91' lang='lat' dir='ltr'>aut</span> <span class='ocrx_word' id='word_1_292' title='bbox 605 2806 762 2850; x_wconf 89' lang='lat' dir='ltr'>damnationis</span> <span class='ocrx_word' id='word_1_293' title='bbox 782 2809 896 2849; x_wconf 88' lang='lat' dir='ltr'>aeternae.</span> <span class='ocrx_word' id='word_1_294' title='bbox 909 2822 917 2845; x_wconf 78' lang='grc' dir='ltr'>ε</span> 
     </span>
    </p>
   </div>
   <div class='ocr_carea' id='block_1_5' title="bbox 191 2882 1007 2942">
    <p class='ocr_par' dir='ltr' id='par_1_6' title="bbox 191 2882 1007 2942">
     <span class='ocr_line' id='line_1_34' title="bbox 191 2882 1007 2942; baseline -0.006 -13"><span class='ocrx_word' id='word_1_295' title='bbox 191 2885 304 2942; x_wconf 87' lang='lat' dir='ltr'>Denique,</span> <span class='ocrx_word' id='word_1_296' title='bbox 321 2889 403 2930; x_wconf 89' lang='lat' dir='ltr'>contra</span> <span class='ocrx_word' id='word_1_297' title='bbox 418 2886 511 2942; x_wconf 86' lang='lat' dir='ltr'>quosvis</span> <span class='ocrx_word' id='word_1_298' title='bbox 527 2885 670 2942; x_wconf 88' lang='lat' dir='ltr'>benigniores</span> <span class='ocrx_word' id='word_1_299' title='bbox 687 2885 768 2927; x_wconf 89' lang='lat' dir='ltr'>dicunt</span> <span class='ocrx_word' id='word_1_300' title='bbox 784 2882 984 2940; x_wconf 88' lang='lat' dir='ltr'>probabilioristae</span> <span class='ocrx_word' id='word_1_301' title='bbox 1003 2895 1007 2925; x_wconf 93' lang='lat'>:</span> 
     </span>
    </p>
   </div>
   <div class='ocr_carea' id='block_1_6' title="bbox 193 3010 1009 3071">
    <p class='ocr_par' dir='ltr' id='par_1_7' title="bbox 193 3010 1009 3071">
     <span class='ocr_line' id='line_1_35' title="bbox 193 3010 1009 3071; baseline -0.007 -13"><span class='ocrx_word' id='word_1_302' title='bbox 193 3015 236 3058; x_wconf 89' lang='lat' dir='ltr'>IX.</span> <span class='ocrx_word' id='word_1_303' title='bbox 255 3014 403 3071; x_wconf 85' lang='lat' dir='ltr'>Benigniores</span> <span class='ocrx_word' id='word_1_304' title='bbox 422 3015 504 3059; x_wconf 86' lang='lat' dir='ltr'>volunt</span> <span class='ocrx_word' id='word_1_305' title='bbox 523 3013 687 3058; x_wconf 88' lang='lat' dir='ltr'>conscientiam</span> <span class='ocrx_word' id='word_1_306' title='bbox 706 3013 823 3057; x_wconf 83' lang='lat' dir='ltr'>eiiormari</span> <span class='ocrx_word' id='word_1_307' title='bbox 842 3026 872 3055; x_wconf 84' lang='lat' dir='ltr'>ex</span> <span class='ocrx_word' id='word_1_308' title='bbox 892 3010 1009 3069; x_wconf 89' lang='lat' dir='ltr'>principiis</span> 
     </span>
    </p>
   </div>
   <div class='ocr_carea' id='block_1_7' title="bbox 0 0 1045 3413">
    <p class='ocr_par' dir='ltr' id='par_1_8' title="bbox 0 0 1045 3413">
     <span class='ocr_line' id='line_1_36' title="bbox 0 0 1045 3413; baseline 0 0"><span class='ocrx_word' id='word_1_309' title='bbox 0 0 1045 3413; x_wconf 95' lang='lat' dir='ltr'> </span> 
     </span>
    </p>
   </div>
  </div>
 </body>
</html>
