2068 3413
408 445 511 490 CAPUT
527 446 537 489 Ι

47 608 186 656 Rectitudo
205 607 379 653 conscientiae
401 607 429 652 in
454 621 484 661 eo
511 614 558 660 est,
585 615 614 652 ut
639 606 821 652 conformetur
845 605 897 663 legi

48 691 179 736 aeternae,
200 680 334 726 mediante
357 681 413 738 lege
433 680 549 726 naturali
570 689 596 725 et
614 694 677 724 vera
690 679 896 738 apprehensione

64 744 65 747 ¹
256 754 442 800 condicionum
463 754 545 811 ipsius
573 753 692 798 subiecti.

79 914 127 958 Lex
145 918 232 957 aeterna
249 912 308 956 nihil
326 913 389 956 aliud
408 917 443 975 est
461 912 505 955 nisi
523 912 574 969 ipsa
593 912 662 956 Ratio
681 913 719 957 vel
734 910 896 969 Intellegentia

47 992 135 1043 divina,
145 992 272 1035 secundum
283 992 345 1050 quod
355 991 467 1048 respicere
476 989 618 1048 intellegitur
628 1005 654 1034 ea
664 1006 724 1050 quae
732 994 787 1034 sunt
797 980 893 1047 agenda,

47 1066 170 1129 praecipue
186 1085 199 1113 a
214 1070 324 1115 creaturis
339 1070 410 1114 libero
426 1070 521 1115 arbitrio
536 1069 655 1126 praeditis.
672 1071 755 1127 Legem
771 1069 895 1113 naturalem

46 1151 134 1193 vocant
151 1148 202 1206 ipsa
218 1148 294 1205 prima
311 1148 408 1193 moralia
425 1148 539 1206 principia
556 1162 596 1191 seu
613 1153 738 1206 praecepta
755 1147 893 1192 naturaliter

45 1227 164 1270 mentibus
175 1226 283 1270 humanis
293 1227 459 1270 manifestatal
470 1241 475 1279 ;
486 1230 565 1283 potest
573 1226 646 1291 ¹¹igitur
657 1226 702 1270 dici
713 1228 751 1270 lex
761 1225 874 1269 naturalis
888 1238 892 1268 :

45 1305 145 1362 idquod
157 1306 186 1348 de
197 1306 246 1361 lege
259 1308 353 1350 aeterna
364 1305 388 1347 in
400 1305 517 1348 mentibus
530 1304 638 1348 humanis
650 1305 787 1351 naturaliter
798 1303 893 1361 partici-

45 1387 117 1441 patur
141 1384 187 1442 (Cir
199 1385 226 1428 A.
240 1384 268 1426 de
281 1383 304 1426 la
315 1385 392 1434 Barre,
411 1384 445 1427 La
462 1383 555 1434 Morale,
575 1383 674 1435 Parisiis,
692 1396 755 1441 1911,
777 1390 802 1437 30
815 1382 892 1433 etude,

45 1446 71 1505 et
82 1462 203 1518 scriptores
215 1461 247 1505 ibi
258 1458 383 1519 laudatos).
396 1463 433 1505 Ad
445 1476 494 1507 rem
506 1460 629 1518 Angelicus
641 1476 645 1506 :
660 1478 668 1502 u
679 1464 762 1519 Legem
775 1464 893 1506 aeternam

46 1540 125 1583 nullus
143 1543 221 1600 potest
240 1554 383 1596 cognoscere,
403 1540 530 1583 secundum
550 1541 612 1597 quod
632 1541 655 1583 in
674 1555 698 1584 se
717 1541 768 1598 ipsa
787 1543 829 1591 est,
849 1538 892 1599 nisi

48 1618 203 1670 solumbeati,
216 1618 256 1678 qui
267 1621 343 1663 Deum
354 1632 395 1675 per
406 1619 530 1662 essentiam
541 1619 622 1662 vident
634 1634 639 1672 ;
650 1619 690 1662 sed
702 1619 776 1662 omnis
788 1621 894 1662 creatura

46 1696 165 1741 rationalis
178 1697 254 1754 ipsam
269 1697 385 1754 cognoscit
400 1698 527 1740 secundum
541 1697 644 1754 aliquam
658 1697 706 1741 eius
720 1696 892 1743 irradiationem

46 1775 85 1819 vel
102 1775 213 1819 maiorem
232 1774 270 1818 vel
288 1761 407 1820 minorem.
431 1775 511 1820 Omnis
531 1776 592 1820 enim
612 1775 712 1832 cognitio
731 1775 836 1819 veritatis
856 1778 891 1817 est
957 1793 958 1796 ¹

46 1853 162 1909 quaedam
172 1853 291 1899 irradiatio
302 1857 326 1897 et
336 1853 484 1911 participatio
495 1854 550 1910 legis
562 1844 747 1911 aeternaequae
758 1857 793 1897 est
803 1853 890 1896 veritas

49 1920 255 1983 incommutabilis,¹
267 1935 294 1974 ut
310 1931 453 1988 Augustinus
468 1932 525 1975 dicit
541 1932 564 1975 in
579 1933 638 1976 libro
655 1933 680 1975 de
698 1934 754 1977 Vera
769 1932 892 1989 Religioou,

47 2023 68 2053 c,
83 2022 110 2063 31
122 2024 126 2062 ;
140 2010 264 2056 veritatem
278 2014 357 2054 autem
372 2024 451 2054 omnes
466 2010 596 2066 aliqualiter
610 2015 758 2067 cognoscunt,
774 2011 803 2053 ad
817 2010 894 2053 minus

47 2091 163 2146 quantum
174 2089 203 2132 ad
214 2088 328 2145 principia
338 2089 470 2131 communia
480 2089 535 2145 legis
546 2089 686 2134 naturalis...
700 2107 708 2130 l
721 2090 754 2147 (1a
764 2095 807 2139 2³0,
823 2102 845 2147 q.
858 2101 892 2145 93,

48 2179 69 2208 a.
89 2166 118 2222 2).
137 2167 202 2210 Idem
220 2180 298 2212 rursus
314 2167 343 2210 de
360 2166 385 2210 vi
401 2167 456 2224 legis
474 2167 613 2223 obligante:
632 2184 641 2208 «
653 2169 720 2225 Quod
738 2171 817 2210 autem
835 2166 894 2212 ratio

46 2235 151 2304 ¹humana
161 2245 191 2288 sit
202 2245 281 2302 regula
292 2245 421 2289 voluntatis
433 2242 556 2297 humanaey
569 2261 598 2289 ex
609 2261 656 2305 qua
667 2246 715 2290 eius
726 2246 819 2290 bonitas
830 2259 894 2288 men-

48 2326 149 2373 suretur„
162 2323 233 2367 habet
250 2338 279 2366 ex
294 2324 343 2380 lege
360 2327 460 2375 aeterna,
477 2338 536 2381 quae
552 2328 587 2368 est
604 2324 663 2370 ratio
680 2325 775 2376 divina;
791 2325 854 2367 unde
870 2324 894 2365 in

49 2400 140 2465 Psalmo
150 2402 183 2447 IV
192 2402 277 2446 dicitur
288 2415 292 2445 :
303 2402 375 2445 Multi
384 2401 460 2445 dicuat
468 2416 475 2446 .·
487 2402 542 2459 Quis
552 2403 645 2463 ostendit
654 2404 719 2448 uobis
730 2404 801 2447 bonu?
811 2403 894 2460 Signa-

47 2466 95 2521 tum
105 2483 136 2522 cst
146 2484 212 2537 super
222 2494 263 2523 uos
274 2480 349 2524 lumen
359 2480 432 2524 vultus
443 2481 483 2531 tui,
494 2482 597 2532 Domine,
610 2481 676 2540 quasi
687 2482 772 2527 diceret
784 2496 788 2525 :
807 2482 896 2525 Lumen

47 2556 149 2608 rationis,
157 2559 219 2617 quod
226 2558 249 2601 in
256 2558 322 2602 nobis
329 2562 371 2610 est,
379 2557 402 2600 in
413 2562 507 2602 tantum
519 2563 598 2615 potest
611 2560 678 2603 nobis
691 2560 811 2603 ostendere
824 2561 893 2610 bona,

47 2636 70 2676 et
80 2638 183 2679 nostram
192 2636 340 2680 voluntatem
350 2637 460 2693 regulare,
470 2637 494 2680 in
504 2642 619 2695 quantum
629 2641 664 2681 est
674 2638 752 2682 lumen
761 2638 841 2682 vultus
851 2637 894 2687 tui,

47 2711 71 2754 id
82 2716 124 2764 est,
137 2728 151 2756 a
161 2716 230 2759 vultu
242 2718 282 2757 tuo
294 2715 434 2759 derivatum.
447 2716 515 2760 Unde
526 2717 677 2759 manifestum
690 2720 731 2768 est,
745 2716 807 2775 quod
819 2716 895 2759 multo

48 2803 247 2814 »ῃ-

72 2851 87 2875 1.
102 2844 214 2887 «Proprie...
229 2846 260 2878 lex
272 2846 364 2879 naturalis
377 2856 415 2878 non
428 2848 457 2879 est
470 2847 569 2880 habitus...
584 2848 614 2881 lex
627 2848 719 2881 naturalis
732 2850 761 2880 est
774 2848 846 2890 aliquid
860 2857 894 2890 per

48 2898 139 2931 rationem
147 2902 277 2940 constitutum,
287 2902 336 2934 sicut
344 2902 403 2934 etiam
410 2903 514 2946 propositio
523 2905 551 2935 est
560 2904 657 2947 quoddam
665 2914 712 2946 opus
721 2904 804 2936 rationis.
814 2904 857 2937 Non
865 2905 896 2935 est

47 2955 112 2986 autem
121 2955 171 2989 idem
180 2959 230 3000 quod
240 2958 282 3000 quis
293 2959 339 3001 agit,
348 2960 370 2998 et
379 2953 417 3001 quo
427 2959 468 3001 quis
478 2959 518 3001 agit
525 2971 531 2988 l
546 2959 574 3001 [1a
585 2963 620 2998 ΖΜ,
631 2968 649 3001 q.
661 2969 689 3001 94,
700 2971 717 2993 a.
730 2961 752 3003 Ι),
764 2959 846 2992 Habitus
856 2969 895 3002 qno

47 3011 166 3052 cognoscitur
179 3013 210 3046 lex
223 3014 314 3046 naturalis
329 3015 358 3046 est
372 3014 483 3057 synderesis,
498 3015 528 3047 vel
542 3016 656 3048 conscientia
670 3016 727 3048 latius
741 3016 798 3049 dicta.
