1948 3333
280 114 313 144 DE
329 111 491 144 CONSCIENTIA
506 110 583 144 RECTA
857 110 884 156 17

38 241 189 316 congruentia
207 268 260 298 curn
281 268 322 297 «re
333 271 348 304 ν,
368 253 408 296 sed
427 251 576 310 congruentia
594 265 648 295 cum
668 251 777 309 appetitu
796 253 882 295 rectol.

39 337 155 384 Consonat
167 335 188 378 S.
200 334 302 377 Thomas
315 347 322 377 ;Ἰ
332 334 435 377 «Verum
445 331 575 375 intellectus
585 330 682 388 practici
693 330 760 375 aliter
771 329 883 387 accipitur

38 429 110 476 quam
123 426 205 457 verum
218 412 349 455 intellectus
362 410 505 468 speculativi,
520 412 547 453 ut
561 409 646 453 dicitur
659 409 683 452 in
698 409 882 453 6⁰·Ethicorum.

38 495 99 541 Nam
114 505 196 537 verum
212 490 342 557 intellectus
358 488 495 546 speculativi
511 488 623 545 accipitur
638 502 679 545 per
694 488 882 531 conformitatem

37 572 168 617 intellectus
183 570 213 612 ad
227 582 304 614 rem...
319 570 405 614 Verum
419 570 498 611 antem
511 567 643 610 intellectus
658 566 755 624 practici
769 566 882 623 accipitur

37 664 78 709 per
92 648 280 693 conformitatem
295 647 325 690 ad
340 646 471 703 appetitum
486 649 582 691 rectum.
594 662 603 687 ν
620 644 654 701 (Ia
668 652 711 697 aar,
732 659 754 703 q.
771 654 806 701 57,
824 659 843 689 a.
860 655 881 699 5,

37 729 67 773 ad
77 728 108 785 3).
120 726 187 786 Quod
197 725 217 769 si
226 725 333 769 volumus
344 724 403 768 hanc
413 725 441 768 de
450 724 549 769 veritate
559 722 641 767 morali
651 723 781 767 doctrinam
791 724 881 781 plenius

38 810 60 851 et
78 804 254 849 determinatius
272 804 384 854 evolvere,
402 802 466 847 cuius
484 802 549 846 initia
566 802 650 846 statuit
668 802 811 854 Aristoteles,
829 816 887 859 pro-¹

36 884 87 929 cedi
102 883 189 941 poterit
205 883 237 926 sic
255 896 261 926 ;
612 933 614 935 Υ
641 873 643 877 ⁴

65 962 196 1007 Dicendum
211 961 311 1012 videtur,
329 960 480 1017 «appetitum
495 963 611 1011 rectum»,
628 959 657 1002 de
673 973 718 1016 quo
735 959 773 1002 hic
790 963 879 1016 agatur,

36 1055 85 1085 esse
98 1040 230 1097 appetitum
242 1042 331 1085 rectum
345 1038 404 1093 fiais,
418 1039 448 1082 ad
461 1052 529 1098 quem
541 1037 669 1083 mensurari
681 1039 765 1082 debeat
778 1038 880 1095 prudens

36 1119 165 1164 mediorum
180 1117 349 1168 determinatio,
365 1131 424 1176 quae
438 1120 473 1159 est
488 1119 577 1162 rectum
591 1116 703 1160 iudicium
717 1116 878 1160 conscientiae.

37 1197 73 1242 Sic
85 1211 134 1242 rem
147 1196 230 1253 accipit
245 1196 266 1239 S.
280 1196 380 1239 Thomas
387 1196 402 1239 2.
416 1197 447 1240 Et
459 1194 483 1238 id
496 1194 589 1251 quidem
601 1194 704 1252 intellegi
716 1194 789 1253 primo
801 1197 879 1252 potest

35 1276 64 1319 de
75 1274 183 1332 appetitu
195 1275 247 1317 finis
264 1274 345 1325 ultimi,
357 1273 396 1330 qui
408 1273 525 1331 appetitus
536 1259 571 1316 esi
582 1273 606 1316 in
616 1273 745 1317 voluntate.
763 1273 799 1317 Sic
810 1273 880 1330 igitur

35 1353 196 1410 intellegendo,
207 1351 323 1397 rectitudo
335 1352 453 1409 appetitus
464 1351 607 1397 mensurabit
618 1351 732 1397 rationem
743 1351 878 1408 practicam,

35 1431 91 1488 quia
103 1446 151 1474 non
164 1425 275 1488 poterunt
288 1430 365 1475 media
378 1434 439 1475 recte
453 1429 607 1482 determinari,
622 1429 667 1473 nisi
680 1430 804 1487 supposita
817 1430 880 1473 bona

35 1509 163 1553 voluntatis
178 1509 315 1553 habitudine
330 1509 359 1552 ad
376 1509 446 1552 finem
462 1507 528 1565 (quae
544 1512 584 1551 aut
599 1508 642 1553 erit
658 1512 776 1560 anatum,
793 1511 833 1551 aut
849 1508 879 1551 ad

35 1614 238 1624 ρῇ-

60 1663 75 1697 i.
92 1659 166 1706 Ἐπειδὴ
181 1660 192 1706 ῆ
206 1659 261 1707 ἠθικὴ
270 1659 325 1707 ἀρετῆ
340 1659 376 1703 ἕξις
389 1659 510 1706 προαιρετική,
525 1659 536 1706 ἠ
550 1659 570 1695 δὲ
584 1658 688 1706 προαιρεσις
697 1659 755 1706 ὄρεξις
764 1659 877 1706 βουλευτική,

33 1716 62 1751 δεῖ
70 1715 103 1751 Ιδιοι
116 1718 174 1752 ταῦτα
186 1716 218 1752 τόν
230 1729 250 1752 τε
262 1716 317 1762 λόγον
328 1716 386 1762 ἀληθῆ
398 1716 489 1752 εἶναικαὶ
501 1716 533 1763 τὴν
543 1715 601 1762 ὄρεξιν
614 1715 674 1762 ὀρθήν,
687 1716 738 1762 εἴπερ
751 1715 877 1762 ἡπροαὶρεσις

34 1771 129 1814 σπουδαία,
147 1772 179 1808 καὶ
194 1772 218 1808 τὰ
234 1771 281 1808 αὐτὰ
296 1772 328 1808 τὸν
345 1772 376 1818 μὲν
389 1772 443 1819 φάναι
458 1772 490 1818 τῆν
507 1772 527 1808 δὲ
539 1771 617 1808 διώκειν,
631 1771 682 1819 Αὕτη
696 1772 727 1818 μὲν
742 1772 773 1808 οὖν
784 1773 796 1819 ῆ
810 1772 879 1808 διάνοια

33 1826 64 1863 καὶ
76 1827 87 1873 ἡ
100 1827 175 1875 ἀλήθεια
190 1828 287 1874 πρακτική,
305 1831 338 1875 τῆς
356 1828 376 1864 δὲ
394 1829 505 1875 θεωρητικῆς
522 1828 600 1871 διανοίας
618 1828 649 1864 καὶ
666 1828 690 1875 μῆ
712 1831 813 1874 πρακτικῆς
833 1828 878 1874 μηδὲ

33 1880 128 1930 ποιητικῆς
147 1884 169 1920 τὸ
182 1884 202 1920 εὖ
217 1884 251 1921 καὶ»
263 1887 326 1927 κακῶς
339 1885 416 1931 ταληθες
428 1897 476 1920 εστιν
488 1885 519 1921 καὶ
532 1883 603 1929 ψεῦδος·
625 1886 679 1920 τοῦτο
697 1884 732 1930 γάρ
749 1884 798 1920 ἐστιν
810 1883 878 1927 παντὸς

34 1938 148 1985 διανοητικοῦ
157 1940 216 1987 ἔργον,
228 1942 260 1976 τοῦ
272 1940 292 1976 δὲ
304 1943 405 1987 πρακτικοῦ
418 1940 449 1977 καὶ
464 1941 576 1987 διανοητικοῦ
589 1941 600 1987 ἡ
613 1939 689 1986 ἀλῆθεια
702 1940 798 1988 ὁμολόγως
810 1939 878 1987 ἔχουσα

32 1995 55 2040 τῆ
69 1994 126 2040 ὀρέξει
137 1998 160 2042 τῇ
175 1996 219 2042 ὀρθῇ
242 1998 387 2041 (Απιςτοτπιπς,
404 2000 602 2037 EchicoNicomacbea,
613 1998 667 2037 LVI,
678 2008 698 2037 11,
713 2011 760 2043 1139
778 2009 795 2039 a,
808 1999 877 2043 22-31).

57 2062 73 2086 2,
88 2055 228 2098 «Philosophus
238 2055 264 2088 ibi
274 2056 358 2099 loquitur
367 2056 390 2088 de
399 2056 495 2088 intellectu
506 2056 594 2099 practico,
605 2056 709 2089 secundum
719 2056 769 2098 quod
779 2057 808 2088 est
818 2055 878 2087 consi-

34 2108 110 2142 liativus
124 2112 144 2143 et
157 2111 301 2144 ratiocinativus
314 2121 378 2145 eorum
391 2121 439 2155 quae
452 2114 497 2144 sunt
510 2112 534 2145 ad
549 2112 617 2151 finem
632 2112 658 2143 sic
671 2112 722 2144 enirn
734 2112 832 2155 perficitur
844 2121 878 2154 per

33 2165 159 2206 prudentiam.
173 2167 196 2200 In
209 2168 238 2200 his
251 2169 315 2200 autem
328 2177 376 2211 quae
389 2170 433 2200 sunt
446 2168 469 2200 ad
484 2169 545 2206 finem,
559 2168 653 2200 rectitudo
666 2168 744 2201 rationis
758 2167 845 2200 consistit
858 2167 878 2200 in

33 2220 165 2255 conformitate
176 2223 200 2256 ad
210 2223 317 2267 appetitum
327 2223 369 2256 finis
379 2223 438 2256 debiti
447 2234 451 2262 ς
462 2224 494 2256 sed
504 2219 568 2256 tanien
578 2226 597 2255 et
607 2224 647 2267 ipse
657 2224 754 2267 appetitus
765 2224 807 2256 finis
818 2223 877 2256 debiti

33 2278 167 2321 praesupponit
178 2281 250 2311 rectam
261 2280 427 2323 apprehensionem
437 2279 460 2312 de
473 2280 514 2318 fine,
527 2289 574 2322 quae
586 2283 615 2312 est
626 2289 660 2322 per
670 2280 768 2313 rationem.
783 2292 790 2310 ν
807 2278 833 2322 (rst
844 2278 876 2318 2¹⁵³,

32 2339 50 2372 q.
63 2341 90 2371 19,
101 2343 117 2366 a.
129 2344 145 2375 3,
156 2335 180 2367 ad
191 2335 215 2377 2).
226 2335 277 2368 Alibi
288 2345 291 2368 :
306 2335 421 2369 «Videtur...
433 2335 462 2368 hic
472 2345 511 2367 esse
521 2336 617 2379 quoddam
627 2336 711 2369 dubium.
722 2336 772 2368 Nam
782 2336 797 2368 ςι
807 2335 877 2369 veritas

33 2386 139 2422 intellectus
151 2391 229 2432 practici
242 2391 378 2424 determinatur
389 2392 409 2424 in
420 2392 560 2435 comparatione
572 2392 596 2424 ad
608 2392 716 2435 appetitum
728 2393 807 2430 rectum,
820 2401 877 2434 appe-

32 2442 79 2474 titus
87 2447 151 2477 autem
159 2446 253 2480 rectitudo
261 2447 397 2480 determinatur
405 2457 437 2491 per
445 2448 479 2480 hoc
488 2447 538 2490 quod
546 2449 638 2480 consonat
645 2448 715 2480 rationi
723 2457 784 2486 verae,
794 2449 816 2480 ut
825 2447 876 2490 prius

31 2497 104 2531 dictum
116 2503 151 2540 est,
165 2503 250 2545 sequitur
263 2504 356 2546 quaedam
368 2503 464 2536 circulatio
476 2503 496 2536 in
509 2502 564 2536 dictis
581 2503 776 2537 determinationibus,
795 2504 822 2536 Et
834 2503 877 2536 ideo

31 2553 132 2588 dicendum
140 2558 169 2588 est
177 2559 228 2601 quod
237 2560 333 2601 appetitus
342 2561 371 2591 est
380 2560 427 2598 finis,
437 2560 456 2591 et
464 2569 528 2592 eorum
536 2569 584 2602 quae
592 2561 638 2592 sunt
646 2560 670 2592 ad
680 2560 737 2592 finem
747 2569 750 2592 ε
761 2560 803 2592 finis
812 2560 877 2592 autem

31 2609 167 2644 determinatus
180 2615 208 2646 est
219 2615 314 2647 hominia
325 2616 398 2654 natura,
411 2617 433 2647 ut
444 2615 514 2647 scilicet
525 2615 545 2647 in
556 2616 613 2648 tertio
625 2615 713 2648 habitum
724 2617 758 2648 est.
772 2616 800 2648 Ea
812 2616 877 2647 autem

30 2674 79 2706 quae
87 2669 131 2699 sunt
139 2669 163 2701 ad
172 2670 234 2709 finem,
243 2681 280 2703 non
288 2673 332 2703 sunt
340 2671 393 2703 nobis
401 2671 525 2704 determinata
532 2673 623 2710 anatura,
636 2672 668 2704 sed
675 2681 708 2714 per
715 2671 809 2704 rationem
815 2670 876 2703 inves-

31 2719 114 2761 tiganda.
131 2724 161 2756 Sic
174 2734 217 2767 ergo
231 2726 352 2760 manifestum
365 2729 394 2759 est
408 2727 458 2770 qnod
471 2727 565 2759 rectitudo
578 2727 675 2770 appetitus
689 2737 723 2770 per
731 2729 839 2770 respectum
852 2727 876 2760 ad

31 2775 88 2808 finem
99 2780 128 2810 est
140 2789 227 2814 mensura
238 2782 324 2815 veritatis
336 2782 355 2815 in
364 2783 436 2816 ratione
448 2783 536 2826 practica.
547 2783 572 2815 Et
584 2784 687 2815 secundum
696 2784 731 2816 hoc
740 2783 877 2816 determinatur

31 2831 100 2865 veritas
116 2835 195 2868 rationis
210 2838 305 2880 practicae
321 2839 423 2871 secundum
438 2839 557 2871 concordiam
572 2840 596 2872 ad
612 2839 720 2882 appetitum
735 2841 814 2872 rectum.
831 2839 876 2882 Ipsa

30 2887 95 2919 autem
104 2891 176 2923 veritas
186 2893 265 2927 rationis
275 2895 369 2937 practicae
380 2896 408 2927 est
419 2895 482 2937 regula
492 2894 609 2932 rectitudinis
621 2896 723 2937 appetitus,
735 2895 784 2927 circa
795 2905 817 2928 ea
828 2905 876 2937 quae

32 2943 76 2974 sunt
87 2945 111 2976 ad
122 2946 185 2981 finem.
197 2949 223 2981 Et
234 2950 276 2982 ideo
287 2950 389 2983 secundum
400 2951 434 2983 hoc
446 2950 514 2983 dicitur
525 2951 621 2993 appetitus
632 2953 701 2991 rectus,
712 2951 745 2995 qui
756 2951 877 2994 prosequitur

31 3006 80 3038 quae
90 3009 135 3033 vera
145 3003 194 3036 ratio
204 3005 256 3039 dicit.
267 3018 273 3036 ι
285 3006 316 3050 (In
329 3007 355 3039 VJ
364 3006 430 3046 Ethic,
441 3006 453 3039 l.
464 3005 490 3045 II,
501 3007 530 3040 ed,
541 3006 608 3046 Vrvirs,
619 3008 634 3039 t.
645 3014 693 3046 xxv,
704 3018 722 3051 p.
734 3007 784 3052 487]⁴

50 3079 151 3112 Quaestiones
158 3084 178 3112 de
185 3087 282 3117 Conscientia
847 3097 856 3118 ²
