2068 3413
140 119 168 175 56
364 130 532 172 ourarsrronrs
549 132 582 163 nr
599 130 763 163 conscrnnrm

141 273 177 317 Sic
194 271 264 329 igitur
280 271 405 317 maiorest
423 272 587 329 multiplicitas
605 272 741 329 negationis,
760 272 920 324 dubitationis,
940 272 989 330 opi-

140 351 221 402 nionis,
245 350 316 393 immo
338 338 448 407 simplicis
471 351 691 407 repraesentationis
715 365 774 407 quae
798 351 828 394 ab
851 351 998 396 actualitate.

139 429 286 487 praescindit,
305 443 376 485 quam
392 429 546 486 perceptionis
563 429 632 482 illius,
651 444 710 486 quae
726 433 761 473 est
778 444 832 472 curn
849 430 989 474 adhaesione

108 567 109 570 Ἰ
140 499 281 552 omnimoda.

170 586 298 632 Discrimen
310 589 391 629 tamen
403 589 438 629 est
454 586 514 631 inter
530 586 663 644 opinionem
681 586 756 644 (quae,
770 587 829 630 sicut
843 586 931 630 dictum
945 591 988 639 est,

141 665 219 722 aliqua
237 664 382 708 dubitatione
400 659 526 722 miscetur),
546 653 677 709 etstatum
695 665 805 723 simplicis
825 666 986 709 dubitationis.

141 745 202 788 Nam
215 744 239 786 in
251 743 397 787 dubitatione
410 743 509 800 simplici
521 744 628 789 totaliter
640 744 762 789 cohibetur
775 758 888 795 assensus,
902 744 926 788 in
939 744 989 801 opi-

140 823 208 866 nione
228 826 306 865 autem
325 825 403 871 manet
424 821 507 878 aliquis
528 837 642 874 assensus,
663 826 687 865 at
706 836 753 865 non
772 821 914 879 simpliciter.
935 824 989 881 Non

140 901 203 958 quod
215 901 289 944 eidem
300 900 428 943 secundum
439 901 500 944 idem
513 900 583 943 homo
595 901 736 944 assentiatur
747 905 770 944 et
782 915 829 943 non
840 901 985 952 assentiatur,

140 993 215 1036 neque
233 979 295 1036 quod
313 978 433 1024 contrariis
451 979 604 1036 opinionibus
616 979 686 1023 simul
704 980 851 1031 assentiatur,
871 980 933 1038 quod
951 984 986 1023 est

139 1057 288 1115 impossibile,
308 1057 348 1100 sed
367 1056 422 1113 quia
440 1057 464 1100 in
482 1057 597 1114 opinione,
618 1044 684 1114 quasi
703 1058 791 1115 duplex
811 1058 837 1100 iit
857 1058 988 1101 subiectum

78 1140 79 1143 ’
140 1137 251 1193 cogitans,
265 1150 310 1180 noa
323 1135 437 1187 divisione,
451 1137 489 1179 sed
500 1136 624 1190 reflexione.
639 1138 772 1193 Occupatur
784 1136 845 1179 enirn
858 1136 906 1179 eius
918 1136 986 1188 ratio,

141 1229 256 1272 quacum
270 1214 358 1260 viribus
374 1213 489 1257 sensitivis
505 1214 662 1266 continuatur,
680 1214 821 1272 apparentiis
838 1215 985 1271 quibusdam,

141 1308 200 1350 quae
214 1307 261 1336 non
275 1293 340 1337 aliter
353 1292 504 1338 inhibentur1
516 1293 561 1335 nisi
575 1293 630 1350 quia
643 1293 702 1336 ratio
716 1307 745 1336 ex
758 1292 856 1350 propriis
869 1293 988 1350 principiis
1011 1281 1013 1283 ¹

140 1371 225 1415 reflexa
235 1372 330 1422 iudicat,
342 1371 421 1426 aliqua
430 1370 564 1415 condicione
575 1385 694 1415 assensum
705 1372 787 1416 debere
797 1371 910 1428 restringi,
921 1385 988 1414 secus

139 1451 299 1507 imprudenter
318 1463 341 1492 se
361 1453 473 1494 acturam.
495 1450 549 1493 Sola
567 1450 647 1505 itaque
666 1449 810 1506 imperiectio
830 1449 984 1501 cohibitionis,

140 1543 187 1571 non
202 1532 260 1571 nota
274 1528 323 1571 ulla
338 1527 446 1584 positiva,
464 1541 584 1571 assensum
601 1528 747 1585 opinativum
763 1527 890 1584 specificat.
908 1529 987 1572 Homo

139 1607 216 1664 igitur,
230 1621 276 1663 qua
290 1609 325 1649 est
340 1606 427 1649 animal
437 1622 446 1646 r
456 1606 605 1649 aestimativa
616 1623 625 1647 >r
639 1606 714 1650 visen
726 1607 884 1663 «cogitativa»
894 1607 986 1663 praedi-

139 1690 198 1737 tum,
210 1684 458 1742 repraesentationibus
470 1688 604 1742 occupatur,
617 1685 647 1736 et,
660 1688 775 1741 quantum
785 1685 809 1727 in
819 1698 843 1728 se
854 1687 895 1736 est,
908 1699 986 1728 assen*

106 1766 108 1770 ⁴
139 1764 213 1816 titur;
231 1777 277 1820 qua
293 1766 371 1806 autem
388 1762 414 1806 ta
430 1777 451 1806 se
468 1763 500 1806 sr'c
516 1762 636 1807 aestimans
652 1762 786 1814 reflectitur,
805 1763 835 1805 ad
851 1777 984 1807 mensuram

139 1842 245 1887 veritatis
265 1841 460 1884 incommutabilis
479 1855 528 1886 rem
547 1841 653 1892 reterens,
674 1841 761 1884 iudicat
780 1855 847 1884 suam
867 1841 984 1885 existima-

139 1920 226 1964 tionem
242 1934 295 1963 cum
312 1933 385 1965 errore
401 1933 449 1962 esse
465 1934 539 1976 posse,
557 1923 580 1963 et
596 1920 620 1962 in
636 1923 731 1963 tantum
746 1919 839 1962 cohibet
857 1917 985 1963 assensum..

140 1999 176 2043 Sic
186 1999 266 2055 itaque
277 1998 443 2054 intellegendus
454 1997 547 2041 videtur
559 1999 580 2042 S.
594 1998 703 2049 Thomas,
715 2011 769 2051 cum
780 1997 836 2041 dicit
851 2012 854 2041 :
868 2015 877 2038 r
886 1998 909 2041 id
921 1998 983 2054 quod

138 2077 264 2128 existimat,
275 2076 392 2120 existimat
402 2076 510 2132 possibile
521 2076 587 2122 aliter
596 2091 620 2119 se
630 2076 714 2119 habere
726 2093 741 2120 r),
752 2075 912 2133 Multiplicitas
922 2076 983 2120 enim
1004 2077 1006 2081 '

133 2156 184 2207 tilla,
199 2170 257 2211 quae
271 2149 302 2198 ex'
311 2154 435 2199 reflexione
447 2158 489 2206 est,
503 2155 597 2212 propria
609 2158 644 2198 est
658 2155 752 2198 animali
764 2155 872 2199 rationali
883 2169 888 2206 ;
901 2155 986 2197 divisio

139 2237 217 2277 autem
229 2234 281 2285 ista,
294 2247 353 2290 quae
365 2234 495 2290 exsurgeret
507 2234 531 2275 in
544 2233 637 2276 homine
649 2234 668 2296 si
679 2229 770 2276 duobus
782 2233 902 2276 contrariis
914 2232 983 2276 simul

135 2312 256 2369 ,opinative
276 2310 431 2362 assentiretur,
451 2311 485 2354 ita
503 2311 652 2368 impossibilis
671 2314 713 2362 est,
734 2315 760 2354 ut
779 2315 813 2354 est
832 2311 985 2368 impossibile„

138 2391 235 2434 eandem
253 2390 375 2433 materiam
393 2389 484 2432 duabus
503 2390 573 2432 simul
592 2389 672 2432 iormis
692 2392 746 2451 actu
765 2389 890 2432 informari.

134 2519 135 2522 Ἴ
167 2469 342 2512 ,advertendum
360 2472 479 2524 praeterea
497 2472 540 2519 est,
560 2468 705 2525 praedictam
724 2467 873 2512 reflexionem
891 2468 923 2510 iu
934 2468 985 2525 ‘opi-v

137 2601 230 2632 contradit
238 2602 271 2637 est,
281 2600 320 2642 ipso
329 2599 381 2641 tarto,
395 2609 427 2631 cru
443 2601 462 2631 et
471 2599 515 2642 pose'
524 2609 596 2632 comme
604 2599 669 2631 re‘alite
678 2599 754 2632 absolue
764 2598 784 2641 r),
798 2608 819 2631 ac
828 2598 882 2631 docet
890 2599 982 2641 quadrare

137 2657 185 2688 hanc
201 2656 345 2698 explicationem
358 2664 400 2701 cum
421 2655 506 2688 doctrina
526 2655 636 2688 thomistica
651 2656 674 2687 de
695 2655 780 2687 Veritate
802 2655 885 2687 increata
899 2657 981 2687 mentem

96 2754 99 2759 .
137 2713 219 2744 creatam
231 2712 254 2744 ad
267 2713 344 2744 modum
355 2711 414 2743 amati
427 2713 514 2744 movente
528 2712 567 2755 (art.
579 2711 614 2750 cit,
629 2712 643 2744 t.
657 2711 714 2749 LXV,
727 2722 745 2754 p,
760 2710 788 2753 38)
802 2712 837 2754 [op.
852 2710 888 2749 cit,
900 2721 918 2754 p.
933 2712 979 2753 120}

162 2778 177 2800 1.
191 2769 234 2800 Non
250 2767 303 2799 aliter
318 2767 427 2799 inhibentur
442 2768 564 2811 apparentiae
579 2767 614 2800 nisi
630 2777 653 2799 ex
668 2767 769 2799 reflexione
785 2767 868 2804 rationis,
885 2776 928 2798 cunr
943 2777 984 2799 aaa

137 2826 215 2867 apparet
224 2823 294 2856 homini
303 2823 431 2866 probabilitas,
441 2833 516 2865 emaque
525 2824 544 2856 in
554 2833 575 2856 eo
585 2824 613 2855 est
622 2823 690 2866 opinio.
698 2822 744 2855 Cum
753 2831 797 2855 vero
807 2822 869 2855 variae
879 2824 981 2864 exsurgunt

132 2880 258 2923 apparentiae
265 2879 285 2911 in
293 2880 375 2911 diversas
383 2881 445 2921 partes
453 2881 555 2918 trahentes,
564 2881 643 2922 possunt
652 2879 699 2911 aliae
707 2879 752 2911 alias
760 2878 843 2910 inhibere
861 2878 915 2920 (sicut
923 2879 981 2910 etiarn

133 2924 225 2968 sensuum
236 2935 415 2978 repraesentationes
426 2935 475 2967 inter
486 2945 505 2968 se
516 2936 631 2974 inhibentur,
644 2945 667 2967 ne
679 2944 765 2975 assensus
777 2935 895 2974 detonante
906 2943 981 2966 omnem

131 2991 214 3024 rationis
226 2990 359 3034 reflexionem).
373 2991 425 3023 Tunc
438 2993 471 3024 aut
483 2993 563 3024 resultat
575 2992 654 3024 dubium
667 2991 731 3024 stricte
744 2991 820 3028 dictum,
834 2991 868 3022 aut
881 2983 983 3023 fluctuatio

131 3048 200 3086 animi,
214 3047 317 3085 namhoc,
330 3055 379 3079 nunc
391 3047 437 3079 illud
450 3047 550 3091 opinantis
