2068 3413
111 125 139 169 70
336 126 505 168 QUAESTIONES
522 128 554 159 DE
571 127 732 160 CONSCIENTIA

109 268 308 326 colloquenscum
322 269 407 312 Ioanne
420 268 501 321 amico,
516 271 541 314 Ο.
556 254 587 321 Ρ.,
601 269 650 313 viro
662 264 730 313 docto
743 272 765 312 et
778 269 874 326 integro,
889 269 954 312 audit

110 347 140 389 ab
153 361 179 389 eo
193 331 349 390 defensionem
363 348 484 404 oppositae
497 348 631 399 sententiae,
646 351 752 405 quaeest
767 347 874 392 Doctoris
889 362 956 405 ange-

109 423 154 468 lici.
164 424 262 468 Miratus
271 425 346 482 primo
355 427 456 469 multum
466 430 488 469 et
498 426 637 484 indignatus
646 426 743 484 percipit
756 430 836 470 tamen
850 441 879 469 ex
888 426 956 469 dictis

110 503 267 560 benigniorem
277 505 417 547 sententiam
428 519 474 548 non
484 505 610 549 necessario
621 520 649 548 ex
659 505 730 548 nimia
739 505 884 562 indulgentia
894 519 955 547 oom-

110 582 203 638 probari
217 586 240 626 et
250 596 303 626 cum
313 597 397 640 magno
407 583 500 627 divinae
509 584 594 640 gloriae
604 585 651 627 zelo
662 584 776 627 conciliari
786 597 860 640 posse.
876 583 956 628 Ratio-

110 674 163 703 nem
183 661 393 706 demonstrativam
413 677 455 719 pro
474 676 516 706 sua
535 662 641 720 opinione
661 676 772 720 quaerens
792 676 838 705 non
857 662 954 713 invenit,

109 739 339 796 confabulationique
358 741 428 784 finem
445 741 544 798 imponit
563 741 598 784 his
615 741 691 785 uerbis
711 756 715 786 :
734 758 743 781 u
752 741 848 798 Magnas
866 754 956 797 semper

110 818 215 874 experiar
232 819 255 861 in
271 819 342 862 istam
358 822 425 862 tuam
440 820 582 863 sententiam
595 819 765 877 repugnantias.
788 820 860 864 Video
876 823 956 862 tamen

109 910 153 947 me,
163 897 182 940 si
189 897 350 941 dominicanus
365 898 466 949 fuissem,
474 898 536 942 idem
548 902 625 941 tecum
636 899 706 941 fuisse
719 912 847 942 sensurum.
857 900 919 949 ideo,
927 912 956 940 ne

109 975 190 1032 iugum
197 975 282 1019 Christi
295 976 430 1033 imprudens
444 991 573 1033 aggravem,
581 977 635 1020 novi
644 976 733 1034 peccati
746 977 900 1020 condemnare
909 990 956 1019 non

110 1054 201 1098 audebo
212 1068 250 1097 eos
261 1054 301 1111 qui
311 1055 392 1098 statim
402 1069 449 1098 non
462 1055 547 1098 fuerint
561 1056 658 1098 confessi
666 1073 680 1099 r.
698 1057 721 1099 Is
733 1055 813 1112 itaque
830 1055 850 1112 Ι)
866 1054 955 1119 subiec-

109 1132 229 1176 tivitatem
253 1147 308 1176 suae
329 1133 443 1190 opinionis
464 1134 566 1191 agnoscit
577 1148 582 1186 ;
598 1134 618 1191 2)
631 1134 806 1191 dispositionem
818 1133 956 1184 sensitivam

111 1226 157 1271 qua
167 1212 239 1255 talem
251 1226 297 1255 non
308 1215 393 1268 potest,
405 1212 486 1255 statim
497 1213 587 1264 saltem,
600 1227 681 1256 exuere
692 1227 696 1265 ;
708 1212 729 1270 3)
742 1213 864 1255 voluntate
875 1216 956 1255 tamen

110 1290 195 1333 desinit
208 1291 229 1333 ei
241 1290 276 1333 ita
288 1290 420 1342 adhaerere,
434 1295 460 1334 ut
474 1290 605 1348 opinionem
618 1291 638 1334 ei
650 1291 828 1348 respondentem
841 1293 956 1346 tanquam

110 1372 173 1412 certo
188 1383 269 1412 veram
284 1370 321 1413 vel
336 1373 450 1426 tanquam
465 1370 530 1412 unice
546 1370 689 1426 probabilem
705 1372 816 1426 acceptet.
833 1396 863 1401 -
878 1368 956 1413 Consi-

109 1446 174 1490 milia
191 1448 267 1490 multa
286 1448 341 1504 fingi
358 1452 455 1504 possunt
473 1449 586 1505 exempla,
605 1448 628 1491 in
646 1448 728 1505 quibus
746 1461 837 1504 semper
853 1447 956 1491 invenies

110 1526 288 1569 declinationem
301 1525 404 1582 aliquam
416 1526 544 1569 voluntatis
556 1526 583 1570 ab
595 1526 672 1583 aliqua
683 1526 833 1583 dispositione
845 1525 955 1583 empirica

109 1604 189 1648 velud
202 1604 305 1661 aliquam
317 1604 492 1661 dispositionem
505 1604 638 1662 empiricam
651 1619 728 1648 secum
742 1604 831 1648 adferre
843 1603 955 1647 iudicium

110 1684 138 1726 de
160 1683 326 1740 probabilitate
344 1684 494 1727 correlativae
507 1683 626 1740 opinionis,
653 1684 716 1741 (quin
727 1687 814 1734 tamen,
835 1686 861 1725 ut
879 1685 953 1739 patet,

109 1775 200 1818 semper
217 1762 290 1819 possit
307 1761 438 1806 subiectum
456 1761 523 1805 huius
541 1761 576 1805 sui
594 1765 658 1805 actus
685 1761 799 1819 analysim
817 1760 955 1818 instituere).

111 1839 217 1883 Invenies
230 1840 301 1884 etiam
316 1854 384 1897 saepe
402 1840 519 1883 hominem
531 1841 606 1883 bonae
618 1839 745 1883 voluntatis
756 1840 816 1902 duas
829 1840 867 1882 vel
879 1839 956 1897 plures

109 1918 168 1961 tales
181 1918 302 1976 empiricas
315 1918 476 1975 dispositiones
489 1922 602 1975 tanquam
615 1916 768 1976 acceptabiles
780 1917 888 1969 iudicare,
902 1918 958 1975 quia

81 2002 83 2007 '
110 1981 170 2041 nihil
181 1997 204 2040 in
218 1998 266 2040 ulla
279 2011 358 2040 eorum
371 1997 477 2054 reperiat,
493 1998 554 2054 quod
568 1997 629 2040 obsit
643 2010 713 2054 purae
727 1996 850 2040 intentioni
863 1996 956 2039 divinae

110 2076 203 2132 gloriae.
219 2078 293 2120 Erunt
308 2075 378 2132 igitur
391 2075 541 2120 correlativae
555 2076 673 2132 opiniones
687 2075 758 2118 solide
775 2074 796 2131 (i.
811 2090 830 2119 e.
845 2073 955 2131 practice)

78 2195 82 2205 .
110 2154 249 2210 probabiles,
264 2168 318 2197 cum
332 2168 379 2197 non
392 2153 466 2212 possit
480 2154 601 2211 dispositio
615 2168 676 2197 mere
690 2153 800 2210 empirica
813 2153 837 2196 in
851 2152 963 2196 normam

110 2232 165 2276 boni
181 2236 203 2275 et
219 2232 275 2275 mali
289 2233 383 2276 moralis
398 2247 453 2289 prae
469 2233 514 2276 alia
528 2232 633 2277 similiter
647 2232 755 2275 innoxial
770 2232 831 2289 erigi

141 2389 178 2433 Sic
187 2389 267 2446 itaque
277 2389 334 2432 satis
345 2392 469 2440 constaret.
480 2389 606 2433 contrarias
617 2389 734 2445 opiniones
745 2389 814 2431 simul
824 2389 854 2431 ab
865 2388 958 2430 homine

111 2468 184 2524 accipi
196 2483 263 2524 posse
276 2470 302 2511 ut
315 2468 416 2525 practice
428 2467 559 2524 probabiles
574 2467 693 2524 (figmento
707 2484 716 2508 r<
725 2466 824 2509 elisionis
836 2484 845 2507 u
857 2467 957 2517 excluso,
981 2458 983 2463 ’

110 2548 140 2590 ob
152 2546 319 2590 relativitatem
330 2546 502 2604 probabilitatis
515 2547 544 2589 ad
555 2549 644 2589 statum
656 2545 797 2602 empiricum,
811 2545 866 2601 quin
878 2549 958 2588 tamen

110 2625 222 2668 laxismus
232 2625 373 2682 inducatur),
385 2625 404 2669 si
414 2639 504 2682 semper
514 2624 634 2682 dispositio
646 2624 754 2681 empirica
764 2624 811 2668 tale
823 2624 879 2680 quid
890 2626 957 2673 esset,

111 2705 174 2760 quod
185 2707 264 2760 posset
278 2720 291 2747 a
302 2708 379 2747 mente
391 2704 509 2747 iudicante
521 2707 547 2746 ut
559 2703 688 2746 seiunctum
701 2702 773 2759 accipi
786 2706 809 2745 et
826 2718 839 2746 a
853 2702 958 2746 subiecto

110 2783 219 2839 separari
235 2786 261 2825 ut
276 2786 390 2841 tanquam
405 2783 523 2826 obiectum
537 2785 660 2825 externum
674 2781 838 2825 consideretur.

136 2992 151 3014 1.
165 2982 264 3016 lunarium
275 2983 322 3021 dico,
340 2993 384 3015 cum
393 2984 444 3015 recta
454 2983 542 3015 voluntas
553 2981 693 3025 dispositionem
703 2990 777 3013 omnem
787 2981 864 3013 noxiam
874 2981 957 3023 respuat.

113 3039 141 3071 De
154 3038 276 3081 dispositione
288 3039 350 3073 urruns
362 3039 440 3082 perfeeto
451 3038 505 3071 aliter
516 3048 544 3071 res
557 3048 576 3071 se
587 3039 655 3071 hahere
666 3038 734 3081 potest.
