2068 3413
111 192 138 224 12
335 191 503 234 QUAESTIONES
521 192 554 224 DE
570 192 733 225 CONSCIENTIA

109 321 183 378 magis
194 322 310 378 dependet
321 322 414 365 bonitas
425 322 554 367 voluntatis
566 322 681 371 humanae
693 337 707 366 a
717 322 766 380 lege
778 326 872 367 aeterna
883 334 959 380 quam.

111 414 125 442 a
136 400 225 445 ratione
237 399 355 453 humana;
368 403 391 443 et
403 400 443 444 ubi
454 400 533 443 deficit
545 400 648 444 humana
659 401 726 452 ratio,
738 404 831 458 oportet
843 400 873 444 ad
885 399 960 445 ratio*

110 492 163 521 nem
180 482 298 521 aeternam
313 492 455 524 recurrere.»
473 478 506 535 (Ia
522 486 564 530 2³⁰,
582 493 604 536 q.
621 492 655 536 19,
673 494 693 523 a.
710 478 740 536 4).

140 558 217 608 Porr0,
231 570 285 600 cum
299 557 351 600 finis
363 557 418 614 legis
431 557 461 600 sit
474 540 500 600 ut
513 556 584 600 iaciat
598 557 712 601 actionem
725 561 820 608 rectam,
828 557 852 601 in
862 557 959 601 duobus

109 635 227 681 invenitur
241 635 282 679 illa
296 635 444 693 participatio
460 636 515 692 legis
531 639 645 686 aeternae,
657 650 716 692 quae
729 639 764 679 est
780 636 818 681 lex
832 635 953 687 naturalis,

110 728 124 756 a
136 714 181 757 fine
191 728 234 757 suo
244 714 349 765 deficere,
361 717 384 757 et
395 718 560 770 consequenter
570 715 739 772 complemento
750 714 851 771 indigere
863 713 958 771 :primo

110 792 212 848 quidem,
233 807 262 835 ex
280 806 306 835 eo
326 793 389 849 quod
407 792 521 849 principia
538 793 670 836 communia
688 792 831 845 manifestat,
852 792 954 836 actiones

110 874 190 914 autern
199 875 254 914 sunt
264 871 288 914 in
298 871 476 928 particularibus
488 885 492 923 ;
503 872 610 923 secundo,
622 885 687 915 exeo
698 872 760 928 quod
769 885 811 928 per
820 870 960 914 manifestam

109 949 197 992 tionem
213 949 320 995 veritatis
336 964 383 1007 qua
398 948 470 992 talem
486 963 533 992 non
548 954 628 993 movet
645 950 767 994 efficaciter
783 950 813 993 ad
830 950 953 1006 agendum.

110 1029 141 1072 Et
156 1025 208 1071 ideo
225 1032 340 1087 quantum
356 1028 386 1071 ad
402 1028 503 1085 primum
519 1028 606 1085 indiget
622 1008 792 1090 complemento
808 1027 952 1085 prudentiae,

110 1120 169 1162 quae
180 1110 215 1149 est
227 1106 379 1163 apprehensio
391 1106 506 1162 quaedam
513 1106 856 1163 condicionnmparticularium
864 1105 959 1149 subice--

109 1184 134 1228 ti.
149 1186 268 1243 Quantum
282 1185 312 1227 ad
325 1185 458 1235 secundum,
477 1188 570 1241 oportet
589 1185 721 1242 appetitum
734 1184 835 1227 hominis
848 1183 959 1229 inclinari

110 1278 124 1306 a
134 1265 183 1307 Deo
194 1263 218 1306 in
229 1277 256 1306 ea
266 1277 326 1322 quae
336 1266 400 1308 recta
409 1266 471 1314 sunt,
482 1267 509 1306 ut
520 1277 566 1306 non
577 1267 671 1306 tantum
681 1264 769 1307 bonum
780 1262 900 1320 percipiat,
911 1262 958 1305 sed.

109 1342 139 1384 ad
152 1340 210 1386 illud
223 1341 293 1384 etiam
307 1341 427 1387 afficiatur.

139 1418 297 1465 Necessariam
307 1433 355 1462 esse
365 1419 513 1476 prudentiam
524 1420 619 1463 animali
628 1418 742 1471 rationali,
753 1422 849 1476 propter
858 1418 959 1464 diversi-⁴

109 1501 184 1541 tatem
200 1512 273 1555 paene
289 1498 406 1541 infinitam
423 1498 549 1554 agibilium,
567 1498 650 1557 quibus
666 1512 714 1541 non
730 1498 786 1541 satis
802 1492 965 1555 provideatur
991 1509 993 1512 ·

109 1577 139 1620 ab
164 1576 276 1619 instinctu
300 1576 408 1627 naturali,
430 1576 531 1633 explicat
558 1577 579 1620 S.
605 1576 706 1620 Thomas
728 1574 769 1632 (De
781 1575 907 1620 Virtutibus
927 1574 959 1618 in·

109 1655 228 1706 communi,
242 1668 262 1698 a.
278 1654 304 1706 6;
326 1654 397 1697 etiam
420 1661 499 1705 arcae,
521 1668 542 1710 q.
559 1666 594 1711 47,
606 1655 742 1712 praesertim
762 1669 783 1698 a.
806 1663 833 1708 15
848 1655 956 1699 :Utrum

108 1733 233 1790 prudentia
249 1733 304 1775 insit
321 1733 388 1776 nobis
408 1747 422 1775 a
440 1732 541 1790 natura).
559 1734 719 1790 Comparatur,
732 1733 756 1777 in
771 1733 820 1776 eius
836 1731 955 1782 doctrina„

108 1811 222 1855 habitudo
239 1811 376 1868 prudentiae
400 1811 430 1854 ad
450 1811 593 1868 synderesim
612 1823 669 1855 cum
684 1811 821 1855 habitudine
842 1809 958 1853 scientiae

109 1890 139 1933 ad
148 1890 292 1934 intellectum
302 1889 475 1950 principiorum.
486 1891 547 1933 Nam
558 1890 663 1934 «sicut...
675 1889 699 1932 in
708 1889 798 1935 ratione
807 1887 958 1946 speculativa.

107 1971 162 2011 sunt
181 1968 297 2027 quaedam
315 1971 342 2010 ut
361 1967 498 2013 naturaliter
515 1971 579 2019 nota,
599 1982 697 2026 quorum
716 1971 751 2011 est
769 1965 908 2018 intellectus,
928 1968 957 2009 et.

108 2046 223 2105 quaedam
236 2060 295 2105 quae
306 2060 347 2103 per
358 2044 398 2089 illa
409 2045 564 2097 innotescunt,
576 2044 662 2091 scilicet
674 2046 838 2097 conclusiones,
852 2057 957 2104 quarum.

107 2128 142 2168 est
161 2124 272 2177 scientia,·
290 2124 324 2168 ita
341 2124 365 2166 in
383 2124 472 2169 ratione
484 2124 587 2181 practica
604 2124 776 2181 praeexsistunt
789 2123 905 2183 quaedam
923 2125 956 2165 ut:

107 2203 220 2260 principia
233 2202 370 2247 naturaliter
382 2206 439 2245 nota
454 2203 500 2258 [lex
512 2203 634 2259 naturalis]
646 2216 651 2255 ;
668 2206 717 2246 ...et
731 2202 847 2262 quaedam
860 2204 915 2244 sunt
928 2200 956 2243 in·

107 2281 197 2326 ratione
207 2281 311 2338 practica
322 2284 348 2323 ut
360 2280 516 2323 conclusiones
531 2284 581 2324 ...et
593 2280 676 2323 horum
687 2284 723 2323 est
734 2280 865 2342 prudentia,
878 2278 959 2336 appli-

107 2374 162 2402 cans
178 2359 318 2405 universalia
332 2359 446 2416 principia
462 2359 492 2402 ad
508 2359 658 2415 particulares
675 2358 832 2403 conclusiones
848 2356 959 2415 operabi÷

106 2438 164 2482 lium
175 2455 184 2479 u
197 2437 231 2494 (2a
242 2444 285 2489 zat,
298 2451 320 2493 q.
333 2448 367 2493 47,
381 2452 401 2480 a.
415 2437 435 2488 6,
448 2451 466 2480 c.
480 2436 518 2482 Cir
529 2437 559 2480 ad
570 2434 603 2494 3)ss
622 2439 685 2481 Haec
696 2437 776 2493 itaque
787 2435 952 2480 universalium

106 2516 272 2573 principiorum
284 2514 409 2573 applicatio
422 2527 474 2558 cum
487 2515 533 2558 alia
544 2501 567 2558 et
579 2515 625 2558 alia
636 2529 684 2558 esse
696 2516 787 2566 debeat,
800 2528 847 2557 non
858 2517 958 2557 tantum.

107 2595 234 2638 secundum
258 2597 406 2639 externorum
429 2594 572 2638 obiectorum
596 2593 790 2644 circumstantias,
815 2593 856 2636 sed
879 2592 952 2635 etiam

107 2673 233 2716 secundum
261 2672 406 2715 condiciones
433 2671 612 2728 uniuscuiusque
639 2672 744 2723 subiecti,
767 2671 823 2728 quia
848 2666 957 2713 medium⁴

106 2751 201 2796 virtutis
218 2750 389 2796 diversificatur
405 2750 532 2793 secundum
549 2750 652 2794 diversos
669 2750 774 2794 homines
794 2749 824 2806 (S.
843 2749 952 2799 Thomas,

105 2832 139 2874 De
153 2828 279 2874 Virtutibus
290 2828 316 2872 in
327 2828 445 2879 commerui,
458 2843 479 2871 a.
493 2841 526 2882 13,
539 2829 569 2871 ad
582 2841 610 2885 17
620 2843 625 2881 ;
637 2828 780 2879 Aristoteles,
793 2827 873 2872 Elaea
884 2826 958 2871 Nico--

106 2909 202 2959 macheu,
220 2908 235 2952 l.
254 2909 285 2958 H,
304 2907 361 2950 1106
380 2921 401 2957 a,
420 2919 456 2961 30,
469 2906 530 2963 etc),
548 2910 615 2963 patet
631 2907 784 2952 neeessariam
801 2920 858 2957 esse,
880 2908 952 2948 ntea

107 2989 168 3029 recte
182 2989 336 3044 prompteque
353 2986 401 3035 fiat,
416 2988 504 3030 rectam
519 2984 662 3028 habitualem
678 2984 884 3042 apprehensionem
899 2996 958 3040 con--

107 3065 225 3109 dicionum
242 3063 314 3121 ipsius
332 3063 437 3107 subiecti.
