2068 3413
132 111 161 155 50
358 113 526 155 QUAESTIONES
543 114 575 145 DE
592 114 753 146 CONSCIENTIA
817 161 821 166 κ

131 259 178 287 non
190 249 282 288 tenetur
295 245 347 302 ipsa
359 245 448 288 factum
461 245 566 301 probare,
580 246 620 288 sed
634 259 691 287 onus
704 245 817 302 probandi
830 244 887 288 iliud
901 249 975 288 trans-

131 323 175 366 fert
186 323 210 366 in
220 324 326 367 aiteram.
338 341 347 364 r
365 323 457 381 (oport,
468 337 491 367 n.
503 323 547 380 26).
564 323 592 367 Ei
602 338 655 380 ergo
664 323 726 381 parti
736 323 849 367 incumbit
860 325 974 381 probatioy

131 416 190 458 quae
204 403 365 459 exceptionem
379 402 468 445 inducit
483 403 503 445 ei
516 402 578 459 parti
592 402 616 444 in
630 416 676 458 qua
690 402 821 461 quiescebat
835 402 974 454 intellectus,

130 483 154 523 et
169 480 217 524 eius
232 484 267 524 est
282 480 385 524 condicio
401 480 471 538 peior.
488 481 530 525 His
544 481 633 537 positis,
649 481 728 524 statim
743 479 882 538 intellegitur
897 481 975 527 curin

130 559 201 602 dubio
212 560 240 602 de
251 560 306 617 tegis
318 559 455 603 exsistentia
465 559 579 604 habeatur
590 564 616 602 ut
627 560 745 616 possidens
756 559 857 611 libertas,
869 559 893 603 in
903 560 975 604 dubio

130 637 187 680 tacti
202 639 230 681 de
245 639 301 695 tegis
316 638 451 689 cessatione,
467 638 519 695 ipsa
533 639 576 689 iex,
592 642 619 681 ut
634 639 753 681 dicebatur
768 638 791 681 in
806 638 893 684 minore
909 653 975 696 argu-

130 716 210 760 menti.
868 714 880 733 ‘⁶

159 796 190 838 N.
211 797 237 838 Β.
258 797 352 839 Praeter
371 796 504 852 exemptum
523 809 593 852 supra
611 796 693 839 datum
721 795 751 852 (p.
771 795 807 852 42)
827 796 856 839 de
874 795 931 841 teria
950 804 975 849 5a

132 876 155 915 et
174 872 206 924 6³5
233 873 308 917 afferri
326 873 397 917 etiam
415 877 512 931 possunt
530 873 650 929 sequentia
669 888 673 917 :
698 873 717 916 si
737 874 787 930 quis
806 875 974 917 dubitatnum

129 955 212 994 votum
225 952 263 995 vel
275 952 450 1012 promissionem
464 952 548 1003 iecerit,
561 952 666 995 debitum
679 953 826 1004 contraxerit,
840 956 891 1004 ete,
902 952 973 1009 possi-

129 1030 168 1072 det
182 1030 276 1073 libertas
283 1045 288 1083 ;
301 1031 320 1073 si
333 1031 384 1086 quis
397 1030 490 1073 dubitat
504 1044 560 1073 num
573 1034 635 1081 voto,
645 1030 796 1087 promissioni,
810 1031 895 1082 debite,
906 1032 973 1075 satis-

129 1108 217 1160 fecerit,
235 1109 339 1166 possidet
356 1110 400 1160 iex,
418 1109 461 1152 nisi
478 1122 565 1152 novum
582 1108 705 1153 intervenit
722 1108 867 1166 principium.
