2068 3413
361 457 564 508 PROOEMIUM

72 717 151 764 Gloria
175 718 256 762 nostra
280 702 405 769 haecest,
431 716 591 760 testimonium
616 715 769 759 conscientiae
793 719 889 761 nostrae

44 796 65 854 (2
81 798 138 848 Cor„
155 809 174 847 1,
192 794 235 852 12).
252 811 262 835 α
272 795 339 853 Quod
353 794 506 838 conscientiae
520 793 680 838 testimonium
694 808 741 837 non
755 793 788 837 sic
802 794 890 839 intelli-

41 875 142 932 gendum
159 877 246 931 puto»,
264 873 340 933 inquit
357 874 441 917 beatus
457 874 596 924 Bernardus,
621 876 756 930 «tanquam
774 872 825 929 ipsa
842 872 887 916 sibi

41 952 182 997 conscientia
197 955 329 997 attestetur.
346 952 399 997 Non
414 952 475 995 enim
491 952 531 1011 qui
545 966 569 995 se
583 950 663 1008 ipsum
676 951 831 1003 commendat,
847 951 889 997 illev

40 1031 152 1089 probatus
168 1034 210 1083 est,
227 1031 268 1074 sed
284 1044 354 1087 quem
369 1033 433 1076 Deus
448 1031 597 1074 commendat
615 1029 636 1087 (2
653 1031 710 1081 Cor,
728 1043 763 1081 10,
781 1029 825 1087 18).
842 1032 888 1074 Est

40 1124 93 1166 ergo
108 1108 269 1153 testimonium
284 1108 444 1160 conscientiae,
460 1108 484 1151 in
500 1122 545 1168 quo
561 1108 673 1166 gloriatur
687 1107 821 1165 Apostolus,
837 1122 893 1167 non*

40 1188 102 1245 quod
116 1187 238 1245 perhibeat
252 1187 399 1239 conscientia,
414 1187 455 1230 sed
470 1188 532 1247 quod
546 1186 650 1246 loquitur
664 1186 763 1244 Spiritus
777 1186 885 1232 veritatis

39 1267 63 1310 in
81 1266 139 1323 ipsa,
159 1265 319 1309 testimonium
338 1265 461 1323 perhibens
480 1265 571 1323 spiritui
589 1268 676 1317 nostro,
696 1266 759 1325 quod
780 1264 822 1310 filii
840 1265 886 1310 Dei

39 1345 119 1388 sumus
139 1344 219 1402 (Rom,
239 1344 259 1395 8,
280 1343 324 1401 16).
343 1346 387 1388 Est
406 1343 467 1386 enim
485 1343 645 1388 testimonium
663 1343 817 1387 conscientiae
835 1357 886 1386 non

38 1422 188 1481 perhibentis,
204 1422 245 1466 sed
260 1422 414 1480 percipientis.
432 1423 490 1466 Cum
505 1422 566 1466 enim
581 1422 667 1467 veritas
683 1421 813 1479 applaudit,
829 1436 883 1465 cum

39 1500 130 1544 iustitia
150 1503 283 1552 attestatur,
304 1500 348 1546 Dei
366 1500 415 1545 sine
435 1500 506 1544 dubio
526 1500 710 1544 commendantis
729 1514 777 1543 vox
796 1503 838 1551 est,
860 1504 887 1544 et·

39 1579 138 1636 Spiritus
147 1579 223 1622 sancti
232 1579 393 1623 testimonium
401 1578 552 1636 perhibentis.
563 1581 591 1623 In
601 1592 647 1638 quo
657 1578 790 1622 testimonio
800 1578 886 1642 gloria-

38 1661 77 1702 tur
90 1657 184 1717 quidem
197 1657 310 1715 probatus
324 1660 347 1701 et
360 1661 468 1703 strenuus
480 1657 546 1702 miles
557 1671 562 1711 ;
575 1656 670 1701 minime
683 1660 763 1700 tamen
777 1657 881 1716 quiescit,

37 1736 77 1779 sed
94 1738 161 1779 tanto
178 1736 252 1782 acrius
268 1735 403 1796 viriliusque
419 1736 530 1781 decertat.
549 1737 638 1792 Itaque,
655 1736 712 1779 dum
729 1735 806 1779 adhuc
821 1735 884 1780 mili-

37 1814 97 1865 tant,
109 1815 212 1871 gaudent
223 1813 304 1873 utique
315 1814 383 1857 electi
393 1813 444 1866 Dei,
456 1814 496 1857 sed
507 1817 602 1857 tantum
613 1814 642 1857 de
652 1814 761 1871 primitiis
773 1814 881 1870 Spiritus,
946 1839 948 1844 ·
989 1803 991 1807 ¹

39 1891 79 1950 qui
92 1893 115 1935 et
127 1892 289 1938 infirmitatem
302 1906 382 1938 eorum
395 1892 492 1936 adiuvat
505 1892 592 1938 virtute
605 1906 653 1943 sua,
668 1895 691 1935 et
703 1890 884 1949 pusillanimita-

38 1973 87 2012 tem
98 1984 140 2013 sua
151 1970 284 2016 consolatur
295 1972 453 2015 attestatione.
465 1987 474 2012 n
487 1971 517 2028 (S.
524 1971 661 2022 Bernardus,
673 1972 688 2014 Ι
689 1985 705 2015 u
715 1970 768 2026 testo
780 1970 884 2015 omnium

38 2048 170 2093 Sanctorum
184 2064 247 2093 serm.
262 2050 298 2100 II,
314 2063 337 2093 n.
352 2062 373 2104 3.
390 2049 435 2094 PL.
451 2060 569 2101 orxxxur,
582 2048 641 2106 464).
658 2049 700 2094 His
715 2048 792 2094 verbis
807 2049 883 2093 mani-

38 2125 137 2172 testatur
152 2127 178 2170 'et
194 2128 313 2171 ‘humanae
331 2127 485 2176 conscientiae
503 2127 611 2184 dignitas,
631 2130 654 2170 et
673 2127 776 2171 eiusdem
795 2128 883 2184 depen-

38 2204 123 2256 dentia,
145 2205 247 2262 dignitas
268 2220 295 2249 ea
316 2206 417 2263 quidem,
440 2205 495 2265 quia
515 2205 655 2249 conscientia
675 2209 710 2249 est
731 2205 883 2263 participatio

38 2282 153 2340 quaedam
165 2284 261 2329 rationis
273 2284 372 2336 divinae,
385 2284 541 2340 dependentia
553 2286 638 2335 autem,
652 2284 707 2343 quia
718 2283 797 2329 lumen
809 2284 882 2329 ratio-

36 2359 71 2402 nis
79 2361 103 2403 in
111 2362 191 2406 ordine
200 2362 230 2406 ad
239 2376 297 2419 opus
305 2363 392 2409 morale
401 2363 516 2419 agendum
527 2362 597 2422 (quod
606 2362 684 2406 lumen
692 2363 766 2408 solent
775 2363 885 2406 homines¹

36 2438 128 2483 nomine
151 2440 342 2484 «eonscientiae»
362 2440 497 2498 intelligere)
519 2455 566 2484 non
586 2444 622 2483 est
642 2441 666 2483 in
686 2441 753 2484 nobis
774 2441 818 2484 nisi
839 2455 883 2498 per

35 2517 132 2561 modum
149 2519 342 2576 participationis,
360 2533 493 2564 mensuram
512 2533 566 2562 suae
584 2519 730 2576 perfectionis
748 2533 795 2562 non
813 2519 837 2562 in
856 2534 882 2563 se

36 2593 131 2647 habens,
150 2597 190 2640 sed
208 2597 322 2654 accipiens
341 2598 441 2641 aliunde.

65 2672 196 2718 Secundum
216 2676 237 2720 S.
256 2676 378 2728 Thomam
399 2675 563 2728 «conscientia,
581 2675 673 2733 proprie
690 2674 813 2735 loquendo,
832 2690 882 2719 non

35 2753 69 2792 est
87 2754 200 2808 potentia,
220 2754 260 2797 sed
279 2757 345 2797 actus
356 2772 371 2806 »‚
392 2757 458 2798 actus
476 2767 560 2811 nempe
578 2768 624 2813 quo
643 2754 775 2811 applicatur
793 2754 879 2798 actioni

33 2829 174 2883 particulari,
189 2832 237 2876 sive
250 2833 347 2889 positae,
361 2833 410 2877 sive
422 2833 550 2889 ponendae,
565 2832 650 2876 notitia
662 2847 733 2892 quarn
747 2833 798 2891 quis
813 2833 881 2877 habi-

34 2906 129 2954 tualiter
146 2909 221 2961 habet
238 2911 298 2954 eirca
315 2911 404 2954 bonum
423 2914 447 2954 et
465 2911 553 2954 malum
572 2911 595 2954 in
613 2909 747 2955 moralibus.
769 2911 879 2957 «Dicitur

34 2983 94 3027 enim
109 2988 249 3032 conscientia
263 2989 391 3041 testificari,
406 2989 476 3046 ligare
490 2990 528 3033 vel
541 2988 656 3046 instigare,
671 2990 710 3034 vel
724 2990 795 3033 etiam
807 2995 881 3033 'accu-
