<?xml version="1.0" encoding="UTF-8"?>
<!DOCTYPE html PUBLIC "-//W3C//DTD XHTML 1.0 Transitional//EN"
    "http://www.w3.org/TR/xhtml1/DTD/xhtml1-transitional.dtd">
<html xmlns="http://www.w3.org/1999/xhtml" xml:lang="en" lang="en">
 <head>
  <title>
</title>
<meta http-equiv="Content-Type" content="text/html;charset=utf-8" />
  <meta name='ocr-system' content='tesseract 3.04.00' />
  <meta name='ocr-capabilities' content='ocr_page ocr_carea ocr_par ocr_line ocrx_word'/>
</head>
<body>
  <div class='ocr_page' id='page_1' title='image "MN5032ucmf_0_0032.png"; bbox 0 0 2068 3413; ppageno 0'>
   <div class='ocr_carea' id='block_1_1' title="bbox 145 149 772 191">
    <p class='ocr_par' dir='ltr' id='par_1_1' title="bbox 145 149 772 191">
     <span class='ocr_line' id='line_1_1' title="bbox 145 149 772 191; baseline -0.002 -8"><span class='ocrx_word' id='word_1_1' title='bbox 145 149 178 184; x_wconf 83' lang='grc'><em>,2-,0</em></span> <span class='ocrx_word' id='word_1_2' title='bbox 192 171 194 176; x_wconf 92' lang='lat'><em>·</em></span> <span class='ocrx_word' id='word_1_3' title='bbox 373 150 544 191; x_wconf 74' lang='lat' dir='ltr'>QUAESTIONES</span> <span class='ocrx_word' id='word_1_4' title='bbox 560 151 593 183; x_wconf 92' lang='lat' dir='ltr'>DE</span> <span class='ocrx_word' id='word_1_5' title='bbox 609 150 772 183; x_wconf 82' lang='lat' dir='ltr'>CONSCIENTIA</span> 
     </span>
    </p>
   </div>
   <div class='ocr_carea' id='block_1_2' title="bbox 130 282 1017 1758">
    <p class='ocr_par' dir='ltr' id='par_1_2' title="bbox 130 282 1017 1758">
     <span class='ocr_line' id='line_1_2' title="bbox 149 282 993 350; baseline 0.004 -18"><span class='ocrx_word' id='word_1_6' title='bbox 149 290 297 341; x_wconf 67' lang='lat' dir='ltr'>estimalum,</span> <span class='ocrx_word' id='word_1_7' title='bbox 317 282 430 334; x_wconf 86' lang='lat' dir='ltr'>rationem</span> <span class='ocrx_word' id='word_1_8' title='bbox 449 291 512 343; x_wconf 87' lang='lat' dir='ltr'>boni,</span> <span class='ocrx_word' id='word_1_9' title='bbox 532 295 628 349; x_wconf 91' lang='lat' dir='ltr'>propter</span> <span class='ocrx_word' id='word_1_10' title='bbox 646 292 851 350; x_wconf 80' lang='lat' dir='ltr'>apprehensionem</span> <span class='ocrx_word' id='word_1_11' title='bbox 870 290 966 337; x_wconf 90' lang='lat' dir='ltr'>rationis</span> <span class='ocrx_word' id='word_1_12' title='bbox 989 304 993 335; x_wconf 90' lang='lat'>:</span> 
     </span>
     <span class='ocr_line' id='line_1_3' title="bbox 147 368 993 428; baseline 0.001 -18"><span class='ocrx_word' id='word_1_13' title='bbox 147 370 207 425; x_wconf 70' lang='lat' dir='ltr'>puta</span> <span class='ocrx_word' id='word_1_14' title='bbox 218 368 339 416; x_wconf 69' lang='lat' dir='ltr'>abstinere</span> <span class='ocrx_word' id='word_1_15' title='bbox 357 383 370 411; x_wconf 91' lang='lat' dir='ltr'>a</span> <span class='ocrx_word' id='word_1_16' title='bbox 387 369 546 422; x_wconf 77' lang='lat' dir='ltr'>fornicatione,</span> <span class='ocrx_word' id='word_1_17' title='bbox 564 370 652 413; x_wconf 90' lang='lat' dir='ltr'>bonum</span> <span class='ocrx_word' id='word_1_18' title='bbox 669 371 787 428; x_wconf 80' lang='lat' dir='ltr'>quoddam</span> <span class='ocrx_word' id='word_1_19' title='bbox 804 373 855 423; x_wconf 83' lang='lat' dir='ltr'>est;</span> <span class='ocrx_word' id='word_1_20' title='bbox 872 373 953 413; x_wconf 86' lang='lat' dir='ltr'>tamen</span> <span class='ocrx_word' id='word_1_21' title='bbox 970 368 993 411; x_wconf 94' lang='lat' dir='ltr'>in</span> 
     </span>
     <span class='ocr_line' id='line_1_4' title="bbox 148 444 992 511; baseline 0.002 -23"><span class='ocrx_word' id='word_1_22' title='bbox 148 447 195 495; x_wconf 75' lang='lat' dir='ltr'>hoc,</span> <span class='ocrx_word' id='word_1_23' title='bbox 207 447 294 494; x_wconf 88' lang='lat' dir='ltr'>bonum</span> <span class='ocrx_word' id='word_1_24' title='bbox 310 460 356 489; x_wconf 93' lang='lat' dir='ltr'>non</span> <span class='ocrx_word' id='word_1_25' title='bbox 372 447 445 491; x_wconf 87' lang='lat' dir='ltr'>iertur</span> <span class='ocrx_word' id='word_1_26' title='bbox 460 448 578 500; x_wconf 69' lang='lat' dir='ltr'>voluntas,</span> <span class='ocrx_word' id='word_1_27' title='bbox 595 449 639 491; x_wconf 90' lang='lat' dir='ltr'>nisi</span> <span class='ocrx_word' id='word_1_28' title='bbox 653 444 779 511; x_wconf 85' lang='lat' dir='ltr'>secundum</span> <span class='ocrx_word' id='word_1_29' title='bbox 796 449 858 506; x_wconf 92' lang='lat' dir='ltr'>quod</span> <span class='ocrx_word' id='word_1_30' title='bbox 874 463 888 491; x_wconf 92' lang='lat' dir='ltr'>a</span> <span class='ocrx_word' id='word_1_31' title='bbox 903 448 992 493; x_wconf 87' lang='lat' dir='ltr'>ratione</span> 
     </span>
     <span class='ocr_line' id='line_1_5' title="bbox 148 525 992 583; baseline 0.001 -16"><span class='ocrx_word' id='word_1_32' title='bbox 148 525 291 582; x_wconf 82' lang='lat' dir='ltr'>proponitur.</span> <span class='ocrx_word' id='word_1_33' title='bbox 304 525 327 569; x_wconf 87' lang='lat' dir='ltr'>Si</span> <span class='ocrx_word' id='word_1_34' title='bbox 336 540 390 582; x_wconf 85' lang='lat' dir='ltr'>ergo</span> <span class='ocrx_word' id='word_1_35' title='bbox 399 531 545 583; x_wconf 90' lang='lat' dir='ltr'>proponatur</span> <span class='ocrx_word' id='word_1_36' title='bbox 554 530 581 569; x_wconf 92' lang='lat' dir='ltr'>ut</span> <span class='ocrx_word' id='word_1_37' title='bbox 591 527 679 570; x_wconf 87' lang='lat' dir='ltr'>malum</span> <span class='ocrx_word' id='word_1_38' title='bbox 690 527 800 572; x_wconf 87' lang='lat' dir='ltr'>aratione</span> <span class='ocrx_word' id='word_1_39' title='bbox 810 530 907 578; x_wconf 84' lang='lat' dir='ltr'>errante,</span> <span class='ocrx_word' id='word_1_40' title='bbox 918 527 992 570; x_wconf 85' lang='lat' dir='ltr'>iertur</span> 
     </span>
     <span class='ocr_line' id='line_1_6' title="bbox 149 603 992 662; baseline -0.005 -11"><span class='ocrx_word' id='word_1_41' title='bbox 149 603 173 651; x_wconf 66' lang='lat' dir='ltr'>iu</span> <span class='ocrx_word' id='word_1_42' title='bbox 181 603 275 651; x_wconf 80' lang='lat' dir='ltr'>hoosub</span> <span class='ocrx_word' id='word_1_43' title='bbox 283 603 372 649; x_wconf 86' lang='lat' dir='ltr'>ratione</span> <span class='ocrx_word' id='word_1_44' title='bbox 380 604 443 648; x_wconf 91' lang='lat' dir='ltr'>mali.</span> <span class='ocrx_word' id='word_1_45' title='bbox 453 606 521 653; x_wconf 87' lang='lat' dir='ltr'>Unde</span> <span class='ocrx_word' id='word_1_46' title='bbox 529 605 638 649; x_wconf 92' lang='lat' dir='ltr'>voluntas</span> <span class='ocrx_word' id='word_1_47' title='bbox 646 606 688 649; x_wconf 91' lang='lat' dir='ltr'>erit</span> <span class='ocrx_word' id='word_1_48' title='bbox 697 606 765 657; x_wconf 72' lang='lat' dir='ltr'>mala,</span> <span class='ocrx_word' id='word_1_49' title='bbox 775 606 829 662; x_wconf 91' lang='lat' dir='ltr'>quia</span> <span class='ocrx_word' id='word_1_50' title='bbox 837 606 888 649; x_wconf 92' lang='lat' dir='ltr'>vult</span> <span class='ocrx_word' id='word_1_51' title='bbox 896 605 992 656; x_wconf 88' lang='lat' dir='ltr'>malurn,</span> 
     </span>
     <span class='ocr_line' id='line_1_7' title="bbox 148 682 1017 741; baseline 0.002 -17"><span class='ocrx_word' id='word_1_52' title='bbox 148 695 196 731; x_wconf 80' lang='lat' dir='ltr'>non</span> <span class='ocrx_word' id='word_1_53' title='bbox 208 682 301 740; x_wconf 87' lang='lat' dir='ltr'>quidem</span> <span class='ocrx_word' id='word_1_54' title='bbox 316 682 340 725; x_wconf 91' lang='lat' dir='ltr'>id</span> <span class='ocrx_word' id='word_1_55' title='bbox 355 684 417 739; x_wconf 92' lang='lat' dir='ltr'>quod</span> <span class='ocrx_word' id='word_1_56' title='bbox 432 686 467 726; x_wconf 88' lang='lat' dir='ltr'>est</span> <span class='ocrx_word' id='word_1_57' title='bbox 482 684 570 727; x_wconf 91' lang='lat' dir='ltr'>malurn</span> <span class='ocrx_word' id='word_1_58' title='bbox 585 698 626 741; x_wconf 87' lang='lat' dir='ltr'>per</span> <span class='ocrx_word' id='word_1_59' title='bbox 639 699 669 736; x_wconf 86' lang='lat' dir='ltr'>se,</span> <span class='ocrx_word' id='word_1_60' title='bbox 685 684 725 727; x_wconf 93' lang='lat' dir='ltr'>sed</span> <span class='ocrx_word' id='word_1_61' title='bbox 739 684 762 727; x_wconf 95' lang='lat' dir='ltr'>id</span> <span class='ocrx_word' id='word_1_62' title='bbox 777 684 839 741; x_wconf 92' lang='lat' dir='ltr'>quod</span> <span class='ocrx_word' id='word_1_63' title='bbox 854 687 889 727; x_wconf 87' lang='lat' dir='ltr'>est</span> <span class='ocrx_word' id='word_1_64' title='bbox 904 684 992 727; x_wconf 90' lang='lat' dir='ltr'>malum</span> <span class='ocrx_word' id='word_1_65' title='bbox 1016 732 1017 735; x_wconf 11' lang='grc' dir='ltr'><strong>Ἰ</strong></span> 
     </span>
     <span class='ocr_line' id='line_1_8' title="bbox 147 760 992 818; baseline 0.002 -16"><span class='ocrx_word' id='word_1_66' title='bbox 147 774 187 817; x_wconf 85' lang='lat' dir='ltr'>per</span> <span class='ocrx_word' id='word_1_67' title='bbox 196 760 307 811; x_wconf 84' lang='lat' dir='ltr'>accidens,</span> <span class='ocrx_word' id='word_1_68' title='bbox 316 765 412 818; x_wconf 89' lang='lat' dir='ltr'>propter</span> <span class='ocrx_word' id='word_1_69' title='bbox 421 762 629 818; x_wconf 82' lang='lat' dir='ltr'>apprehensionem</span> <span class='ocrx_word' id='word_1_70' title='bbox 637 763 739 806; x_wconf 88' lang='lat' dir='ltr'>rationis.</span> <span class='ocrx_word' id='word_1_71' title='bbox 749 765 780 807; x_wconf 86' lang='lat' dir='ltr'>Et</span> <span class='ocrx_word' id='word_1_72' title='bbox 789 762 893 807; x_wconf 89' lang='lat' dir='ltr'>similiter</span> <span class='ocrx_word' id='word_1_73' title='bbox 901 762 992 807; x_wconf 89' lang='lat' dir='ltr'>credere</span> 
     </span>
     <span class='ocr_line' id='line_1_9' title="bbox 148 839 992 898; baseline 0.002 -17"><span class='ocrx_word' id='word_1_74' title='bbox 148 839 299 886; x_wconf 65' lang='lat' dir='ltr'>incuratum</span> <span class='ocrx_word' id='word_1_75' title='bbox 309 843 343 882; x_wconf 88' lang='lat' dir='ltr'>est</span> <span class='ocrx_word' id='word_1_76' title='bbox 352 854 394 896; x_wconf 93' lang='lat' dir='ltr'>per</span> <span class='ocrx_word' id='word_1_77' title='bbox 403 854 427 883; x_wconf 88' lang='lat' dir='ltr'>se</span> <span class='ocrx_word' id='word_1_78' title='bbox 436 840 553 884; x_wconf 82' lang='lat' dir='ltr'>bonum...</span> <span class='ocrx_word' id='word_1_79' title='bbox 564 840 583 883; x_wconf 90' lang='lat' dir='ltr'>si</span> <span class='ocrx_word' id='word_1_80' title='bbox 594 841 704 886; x_wconf 88' lang='lat' dir='ltr'>aratione</span> <span class='ocrx_word' id='word_1_81' title='bbox 713 844 856 898; x_wconf 72' lang='lat' dir='ltr'>proponatur</span> <span class='ocrx_word' id='word_1_82' title='bbox 865 844 892 883; x_wconf 87' lang='lat' dir='ltr'>ut</span> <span class='ocrx_word' id='word_1_83' title='bbox 902 841 992 884; x_wconf 91' lang='lat' dir='ltr'>malum</span> 
     </span>
     <span class='ocr_line' id='line_1_10' title="bbox 148 915 992 977; baseline 0.004 -18"><span class='ocrx_word' id='word_1_84' title='bbox 148 915 256 967; x_wconf 78' lang='lat' dir='ltr'>voluntas</span> <span class='ocrx_word' id='word_1_85' title='bbox 270 918 355 977; x_wconf 80' lang='lat' dir='ltr'>teretur</span> <span class='ocrx_word' id='word_1_86' title='bbox 368 919 392 961; x_wconf 90' lang='lat' dir='ltr'>in</span> <span class='ocrx_word' id='word_1_87' title='bbox 406 918 450 961; x_wconf 89' lang='lat' dir='ltr'>hoc</span> <span class='ocrx_word' id='word_1_88' title='bbox 464 922 490 961; x_wconf 91' lang='lat' dir='ltr'>ut</span> <span class='ocrx_word' id='word_1_89' title='bbox 504 920 621 963; x_wconf 90' lang='lat' dir='ltr'>malum...</span> <span class='ocrx_word' id='word_1_90' title='bbox 637 920 703 964; x_wconf 90' lang='lat' dir='ltr'>Unde</span> <span class='ocrx_word' id='word_1_91' title='bbox 717 920 846 971; x_wconf 58' lang='lat' dir='ltr'>dicendum.</span> <span class='ocrx_word' id='word_1_92' title='bbox 861 919 924 975; x_wconf 90' lang='lat' dir='ltr'>quod</span> <span class='ocrx_word' id='word_1_93' title='bbox 937 918 992 962; x_wconf 90' lang='lat' dir='ltr'>sim-</span> 
     </span>
     <span class='ocr_line' id='line_1_11' title="bbox 130 995 989 1053; baseline 0.001 -15"><span class='ocrx_word' id='word_1_94' title='bbox 130 995 237 1053; x_wconf 79' lang='lat' dir='ltr'>pliciter</span> <span class='ocrx_word' id='word_1_95' title='bbox 256 996 329 1040; x_wconf 92' lang='lat' dir='ltr'>omnis</span> <span class='ocrx_word' id='word_1_96' title='bbox 349 997 460 1039; x_wconf 86' lang='lat' dir='ltr'>voluntas</span> <span class='ocrx_word' id='word_1_97' title='bbox 480 997 614 1043; x_wconf 84' lang='lat' dir='ltr'>discordans</span> <span class='ocrx_word' id='word_1_98' title='bbox 635 1012 648 1040; x_wconf 91' lang='lat' dir='ltr'>a</span> <span class='ocrx_word' id='word_1_99' title='bbox 667 997 761 1049; x_wconf 83' lang='lat' dir='ltr'>ratione,</span> <span class='ocrx_word' id='word_1_100' title='bbox 782 998 830 1041; x_wconf 85' lang='lat' dir='ltr'>sive</span> <span class='ocrx_word' id='word_1_101' title='bbox 849 1000 919 1049; x_wconf 88' lang='lat' dir='ltr'>recta,</span> <span class='ocrx_word' id='word_1_102' title='bbox 940 996 989 1040; x_wconf 86' lang='lat' dir='ltr'>sive</span> 
     </span>
     <span class='ocr_line' id='line_1_12' title="bbox 149 1059 989 1136; baseline 0.001 -19"><span class='ocrx_word' id='word_1_103' title='bbox 149 1078 244 1136; x_wconf 76' lang='lat' dir='ltr'>errante,</span> <span class='ocrx_word' id='word_1_104' title='bbox 256 1088 345 1131; x_wconf 88' lang='lat' dir='ltr'>semper</span> <span class='ocrx_word' id='word_1_105' title='bbox 356 1079 391 1118; x_wconf 90' lang='lat' dir='ltr'>est</span> <span class='ocrx_word' id='word_1_106' title='bbox 402 1075 471 1120; x_wconf 90' lang='lat' dir='ltr'>mala.</span> <span class='ocrx_word' id='word_1_107' title='bbox 484 1093 492 1116; x_wconf 80' lang='lat' dir='ltr'>h</span> <span class='ocrx_word' id='word_1_108' title='bbox 506 1076 532 1132; x_wconf 81' lang='lat' dir='ltr'>(l.</span> <span class='ocrx_word' id='word_1_109' title='bbox 541 1076 580 1133; x_wconf 67' lang='lat' dir='ltr'>a).</span> <span class='ocrx_word' id='word_1_110' title='bbox 596 1076 692 1120; x_wconf 86' lang='lat' dir='ltr'>Brevius</span> <span class='ocrx_word' id='word_1_111' title='bbox 704 1076 759 1119; x_wconf 85' lang='lat' dir='ltr'>alibi</span> <span class='ocrx_word' id='word_1_112' title='bbox 771 1090 775 1120; x_wconf 90' lang='lat'><strong>:</strong></span> <span class='ocrx_word' id='word_1_113' title='bbox 788 1093 797 1117; x_wconf 88' lang='lat'>((</span> <span class='ocrx_word' id='word_1_114' title='bbox 806 1078 859 1120; x_wconf 90' lang='lat' dir='ltr'>Non</span> <span class='ocrx_word' id='word_1_115' title='bbox 868 1059 989 1119; x_wconf 84' lang='lat' dir='ltr'>videtur...</span> 
     </span>
     <span class='ocr_line' id='line_1_13' title="bbox 147 1152 990 1213; baseline 0 -18"><span class='ocrx_word' id='word_1_116' title='bbox 147 1152 255 1213; x_wconf 78' lang='lat' dir='ltr'>possibile</span> <span class='ocrx_word' id='word_1_117' title='bbox 267 1153 329 1209; x_wconf 87' lang='lat' dir='ltr'>quod</span> <span class='ocrx_word' id='word_1_118' title='bbox 341 1152 424 1210; x_wconf 90' lang='lat' dir='ltr'>aliquis</span> <span class='ocrx_word' id='word_1_119' title='bbox 436 1158 559 1210; x_wconf 87' lang='lat' dir='ltr'>peccatum</span> <span class='ocrx_word' id='word_1_120' title='bbox 571 1155 663 1206; x_wconf 87' lang='lat' dir='ltr'>evadat,</span> <span class='ocrx_word' id='word_1_121' title='bbox 675 1153 695 1197; x_wconf 88' lang='lat' dir='ltr'>si</span> <span class='ocrx_word' id='word_1_122' title='bbox 706 1154 851 1205; x_wconf 84' lang='lat' dir='ltr'>conscientia,</span> <span class='ocrx_word' id='word_1_123' title='bbox 864 1157 990 1213; x_wconf 87' lang='lat' dir='ltr'>quantum-</span> 
     </span>
     <span class='ocr_line' id='line_1_14' title="bbox 147 1231 989 1292; baseline -0.005 -14"><span class='ocrx_word' id='word_1_124' title='bbox 147 1245 249 1292; x_wconf 65' lang='lat' dir='ltr'>cumque,</span> <span class='ocrx_word' id='word_1_125' title='bbox 264 1245 348 1283; x_wconf 88' lang='lat' dir='ltr'>errans,</span> <span class='ocrx_word' id='word_1_126' title='bbox 369 1232 442 1275; x_wconf 91' lang='lat' dir='ltr'>dictet</span> <span class='ocrx_word' id='word_1_127' title='bbox 463 1231 558 1288; x_wconf 85' lang='lat' dir='ltr'>aliquod</span> <span class='ocrx_word' id='word_1_128' title='bbox 577 1247 626 1276; x_wconf 86' lang='lat' dir='ltr'>esse</span> <span class='ocrx_word' id='word_1_129' title='bbox 645 1236 795 1290; x_wconf 87' lang='lat' dir='ltr'>praeceptum</span> <span class='ocrx_word' id='word_1_130' title='bbox 814 1232 857 1277; x_wconf 92' lang='lat' dir='ltr'>Dei</span> <span class='ocrx_word' id='word_1_131' title='bbox 877 1232 940 1291; x_wconf 92' lang='lat' dir='ltr'>quod</span> <span class='ocrx_word' id='word_1_132' title='bbox 959 1231 989 1274; x_wconf 89' lang='lat' dir='ltr'>sit</span> 
     </span>
     <span class='ocr_line' id='line_1_15' title="bbox 146 1309 990 1367; baseline -0.001 -15"><span class='ocrx_word' id='word_1_133' title='bbox 146 1309 277 1355; x_wconf 78' lang='lat' dir='ltr'>indifferens</span> <span class='ocrx_word' id='word_1_134' title='bbox 297 1309 345 1353; x_wconf 84' lang='lat' dir='ltr'>sive</span> <span class='ocrx_word' id='word_1_135' title='bbox 363 1324 405 1367; x_wconf 92' lang='lat' dir='ltr'>per</span> <span class='ocrx_word' id='word_1_136' title='bbox 424 1324 447 1353; x_wconf 84' lang='lat' dir='ltr'>se</span> <span class='ocrx_word' id='word_1_137' title='bbox 466 1311 563 1362; x_wconf 81' lang='lat' dir='ltr'>malum,</span> <span class='ocrx_word' id='word_1_138' title='bbox 583 1311 602 1353; x_wconf 88' lang='lat' dir='ltr'>si</span> <span class='ocrx_word' id='word_1_139' title='bbox 621 1310 768 1363; x_wconf 82' lang='lat' dir='ltr'>contrarium,</span> <span class='ocrx_word' id='word_1_140' title='bbox 787 1310 830 1354; x_wconf 88' lang='lat' dir='ltr'>tali</span> <span class='ocrx_word' id='word_1_141' title='bbox 849 1309 990 1354; x_wconf 88' lang='lat' dir='ltr'>conscientia</span> 
     </span>
     <span class='ocr_line' id='line_1_16' title="bbox 146 1388 989 1447; baseline 0 -17"><span class='ocrx_word' id='word_1_142' title='bbox 146 1391 260 1440; x_wconf 79' lang='lat' dir='ltr'>manente,</span> <span class='ocrx_word' id='word_1_143' title='bbox 278 1402 342 1445; x_wconf 83' lang='lat' dir='ltr'>agere</span> <span class='ocrx_word' id='word_1_144' title='bbox 358 1389 475 1445; x_wconf 86' lang='lat' dir='ltr'>disponat.</span> <span class='ocrx_word' id='word_1_145' title='bbox 493 1390 612 1447; x_wconf 76' lang='lat' dir='ltr'>Quantum</span> <span class='ocrx_word' id='word_1_146' title='bbox 627 1389 687 1433; x_wconf 95' lang='lat' dir='ltr'>enim</span> <span class='ocrx_word' id='word_1_147' title='bbox 702 1388 726 1431; x_wconf 93' lang='lat' dir='ltr'>in</span> <span class='ocrx_word' id='word_1_148' title='bbox 740 1403 763 1432; x_wconf 91' lang='lat' dir='ltr'>se</span> <span class='ocrx_word' id='word_1_149' title='bbox 778 1393 819 1441; x_wconf 85' lang='lat' dir='ltr'>est,</span> <span class='ocrx_word' id='word_1_150' title='bbox 836 1403 865 1432; x_wconf 79' lang='lat' dir='ltr'>ex</span> <span class='ocrx_word' id='word_1_151' title='bbox 879 1389 923 1432; x_wconf 91' lang='lat' dir='ltr'>hoc</span> <span class='ocrx_word' id='word_1_152' title='bbox 938 1388 989 1446; x_wconf 90' lang='lat' dir='ltr'>ipso</span> 
     </span>
     <span class='ocr_line' id='line_1_17' title="bbox 147 1466 988 1530; baseline 0.002 -21"><span class='ocrx_word' id='word_1_153' title='bbox 147 1466 216 1509; x_wconf 82' lang='lat' dir='ltr'>habet</span> <span class='ocrx_word' id='word_1_154' title='bbox 233 1467 379 1511; x_wconf 76' lang='lat' dir='ltr'>voluntatem</span> <span class='ocrx_word' id='word_1_155' title='bbox 395 1468 470 1524; x_wconf 80' lang='lat' dir='ltr'>legem</span> <span class='ocrx_word' id='word_1_156' title='bbox 487 1468 530 1511; x_wconf 92' lang='lat' dir='ltr'>Dei</span> <span class='ocrx_word' id='word_1_157' title='bbox 547 1481 594 1510; x_wconf 93' lang='lat' dir='ltr'>non</span> <span class='ocrx_word' id='word_1_158' title='bbox 610 1467 763 1530; x_wconf 75' lang='lat' dir='ltr'>observandi3</span> <span class='ocrx_word' id='word_1_159' title='bbox 780 1467 841 1511; x_wconf 92' lang='lat' dir='ltr'>unde</span> <span class='ocrx_word' id='word_1_160' title='bbox 857 1466 988 1513; x_wconf 88' lang='lat' dir='ltr'>mortaliter</span> 
     </span>
     <span class='ocr_line' id='line_1_18' title="bbox 145 1545 985 1606; baseline -0.006 -16"><span class='ocrx_word' id='word_1_161' title='bbox 145 1548 233 1606; x_wconf 80' lang='lat' dir='ltr'>peccat.</span> <span class='ocrx_word' id='word_1_162' title='bbox 246 1562 255 1586; x_wconf 75' lang='lat' dir='ltr'>l&gt;</span> <span class='ocrx_word' id='word_1_163' title='bbox 275 1546 319 1601; x_wconf 81' lang='lat' dir='ltr'>(De</span> <span class='ocrx_word' id='word_1_164' title='bbox 339 1545 441 1596; x_wconf 76' lang='lat' dir='ltr'>Veritute,</span> <span class='ocrx_word' id='word_1_165' title='bbox 460 1559 482 1601; x_wconf 93' lang='lat' dir='ltr'>q.</span> <span class='ocrx_word' id='word_1_166' title='bbox 505 1558 538 1602; x_wconf 80' lang='lat'>17,</span> <span class='ocrx_word' id='word_1_167' title='bbox 560 1560 579 1589; x_wconf 91' lang='lat' dir='ltr'>a.</span> <span class='ocrx_word' id='word_1_168' title='bbox 596 1557 657 1601; x_wconf 75' lang='grc'>4,-</span> <span class='ocrx_word' id='word_1_169' title='bbox 673 1548 707 1590; x_wconf 89' lang='lat' dir='ltr'>De</span> <span class='ocrx_word' id='word_1_170' title='bbox 729 1560 784 1589; x_wconf 90' lang='lat' dir='ltr'>voce</span> <span class='ocrx_word' id='word_1_171' title='bbox 812 1561 820 1586; x_wconf 78' lang='lat' dir='ltr'>l</span> <span class='ocrx_word' id='word_1_172' title='bbox 830 1545 960 1591; x_wconf 85' lang='lat' dir='ltr'>mortaliter</span> <span class='ocrx_word' id='word_1_173' title='bbox 970 1562 985 1595; x_wconf 71' lang='lat' dir='ltr'>n,</span> 
     </span>
     <span class='ocr_line' id='line_1_19' title="bbox 145 1623 987 1683; baseline 0 -18"><span class='ocrx_word' id='word_1_174' title='bbox 145 1623 263 1680; x_wconf 81' lang='lat' dir='ltr'>intellege:</span> <span class='ocrx_word' id='word_1_175' title='bbox 280 1624 299 1666; x_wconf 89' lang='lat' dir='ltr'>si</span> <span class='ocrx_word' id='word_1_176' title='bbox 316 1627 468 1683; x_wconf 79' lang='lat' dir='ltr'>praeceptum</span> <span class='ocrx_word' id='word_1_177' title='bbox 486 1624 672 1681; x_wconf 84' lang='lat' dir='ltr'>apprehenditur</span> <span class='ocrx_word' id='word_1_178' title='bbox 697 1627 723 1666; x_wconf 85' lang='lat' dir='ltr'>ut</span> <span class='ocrx_word' id='word_1_179' title='bbox 743 1624 887 1681; x_wconf 75' lang='lat' dir='ltr'>gravesicut</span> <span class='ocrx_word' id='word_1_180' title='bbox 905 1638 946 1680; x_wconf 88' lang='lat' dir='ltr'>per</span> <span class='ocrx_word' id='word_1_181' title='bbox 963 1637 987 1666; x_wconf 91' lang='lat' dir='ltr'>se</span> 
     </span>
     <span class='ocr_line' id='line_1_20' title="bbox 144 1701 263 1758; baseline 0.017 -14"><span class='ocrx_word' id='word_1_182' title='bbox 144 1701 226 1758; x_wconf 84' lang='lat' dir='ltr'>patet.)</span> <span class='ocrx_word' id='word_1_183' title='bbox 261 1746 263 1749; x_wconf 82' lang='grc'><em>,</em></span> 
     </span>
    </p>
   </div>
   <div class='ocr_carea' id='block_1_3' title="bbox 139 1853 986 3096">
    <p class='ocr_par' dir='ltr' id='par_1_3' title="bbox 143 1853 986 2299">
     <span class='ocr_line' id='line_1_21' title="bbox 175 1853 985 1915; baseline 0 -15"><span class='ocrx_word' id='word_1_184' title='bbox 175 1859 205 1901; x_wconf 91' lang='lat' dir='ltr'>H.</span> <span class='ocrx_word' id='word_1_185' title='bbox 222 1858 371 1902; x_wconf 85' lang='lat' dir='ltr'>«Secundum</span> <span class='ocrx_word' id='word_1_186' title='bbox 386 1858 458 1901; x_wconf 91' lang='lat' dir='ltr'>hoc...</span> <span class='ocrx_word' id='word_1_187' title='bbox 473 1858 544 1915; x_wconf 80' lang='lat' dir='ltr'>ligare</span> <span class='ocrx_word' id='word_1_188' title='bbox 558 1858 697 1901; x_wconf 85' lang='lat' dir='ltr'>conscientia</span> <span class='ocrx_word' id='word_1_189' title='bbox 711 1858 801 1910; x_wconf 63' lang='lat' dir='ltr'>dicitur.</span> <span class='ocrx_word' id='word_1_190' title='bbox 810 1853 879 1914; x_wconf 82' lang='lat' dir='ltr'>¹quod</span> <span class='ocrx_word' id='word_1_191' title='bbox 895 1857 985 1914; x_wconf 70' lang='lat' dir='ltr'>aliquis</span> 
     </span>
     <span class='ocr_line' id='line_1_22' title="bbox 144 1936 986 1993; baseline -0.001 -15"><span class='ocrx_word' id='word_1_192' title='bbox 144 1936 187 1989; x_wconf 87' lang='lat' dir='ltr'>nisi</span> <span class='ocrx_word' id='word_1_193' title='bbox 204 1936 368 1980; x_wconf 86' lang='lat' dir='ltr'>conscientiam</span> <span class='ocrx_word' id='word_1_194' title='bbox 385 1936 490 1993; x_wconf 80' lang='lat' dir='ltr'>impleat,</span> <span class='ocrx_word' id='word_1_195' title='bbox 508 1940 631 1993; x_wconf 86' lang='lat' dir='ltr'>peccatum</span> <span class='ocrx_word' id='word_1_196' title='bbox 648 1937 763 1989; x_wconf 87' lang='lat' dir='ltr'>incurret;</span> <span class='ocrx_word' id='word_1_197' title='bbox 781 1950 828 1979; x_wconf 87' lang='lat' dir='ltr'>non</span> <span class='ocrx_word' id='word_1_198' title='bbox 845 1940 925 1980; x_wconf 85' lang='lat' dir='ltr'>autem</span> <span class='ocrx_word' id='word_1_199' title='bbox 942 1936 986 1978; x_wconf 91' lang='lat' dir='ltr'>hoc</span> 
     </span>
     <span class='ocr_line' id='line_1_23' title="bbox 144 2014 985 2071; baseline -0.002 -13"><span class='ocrx_word' id='word_1_200' title='bbox 144 2015 219 2065; x_wconf 63' lang='lat' dir='ltr'>modo.</span> <span class='ocrx_word' id='word_1_201' title='bbox 237 2016 298 2070; x_wconf 90' lang='lat' dir='ltr'>quod</span> <span class='ocrx_word' id='word_1_202' title='bbox 316 2014 399 2070; x_wconf 91' lang='lat' dir='ltr'>aliquis</span> <span class='ocrx_word' id='word_1_203' title='bbox 416 2015 516 2071; x_wconf 92' lang='lat' dir='ltr'>implens</span> <span class='ocrx_word' id='word_1_204' title='bbox 533 2018 594 2060; x_wconf 88' lang='lat' dir='ltr'>recte</span> <span class='ocrx_word' id='word_1_205' title='bbox 611 2014 709 2059; x_wconf 79' lang='lat' dir='ltr'>iaciat.»</span> <span class='ocrx_word' id='word_1_206' title='bbox 727 2014 767 2071; x_wconf 75' lang='lat' dir='ltr'>(De</span> <span class='ocrx_word' id='word_1_207' title='bbox 786 2014 885 2066; x_wconf 69' lang='lat' dir='ltr'>ilaritate,</span> <span class='ocrx_word' id='word_1_208' title='bbox 910 2028 931 2070; x_wconf 89' lang='lat' dir='ltr'>q.</span> <span class='ocrx_word' id='word_1_209' title='bbox 950 2025 985 2070; x_wconf 88' lang='lat'>17,</span> 
     </span>
     <span class='ocr_line' id='line_1_24' title="bbox 145 2093 986 2150; baseline 0.001 -14"><span class='ocrx_word' id='word_1_210' title='bbox 145 2108 164 2136; x_wconf 90' lang='lat' dir='ltr'>a.</span> <span class='ocrx_word' id='word_1_211' title='bbox 177 2093 207 2149; x_wconf 69' lang='lat'>4),</span> <span class='ocrx_word' id='word_1_212' title='bbox 215 2097 243 2136; x_wconf 86' lang='lat' dir='ltr'>et</span> <span class='ocrx_word' id='word_1_213' title='bbox 254 2093 313 2143; x_wconf 85' lang='lat' dir='ltr'>ideo,</span> <span class='ocrx_word' id='word_1_214' title='bbox 325 2093 467 2136; x_wconf 89' lang='lat' dir='ltr'>conscientia</span> <span class='ocrx_word' id='word_1_215' title='bbox 478 2107 579 2144; x_wconf 86' lang='lat' dir='ltr'>erronea,</span> <span class='ocrx_word' id='word_1_216' title='bbox 593 2107 651 2149; x_wconf 92' lang='lat' dir='ltr'>quae</span> <span class='ocrx_word' id='word_1_217' title='bbox 662 2107 751 2149; x_wconf 89' lang='lat' dir='ltr'>semper</span> <span class='ocrx_word' id='word_1_218' title='bbox 762 2093 825 2150; x_wconf 74' lang='lat' dir='ltr'>ligat,</span> <span class='ocrx_word' id='word_1_219' title='bbox 837 2107 884 2135; x_wconf 92' lang='lat' dir='ltr'>non</span> <span class='ocrx_word' id='word_1_220' title='bbox 895 2105 986 2149; x_wconf 80' lang='lat' dir='ltr'>semper</span> 
     </span>
     <span class='ocr_line' id='line_1_25' title="bbox 145 2171 985 2228; baseline -0.002 -13"><span class='ocrx_word' id='word_1_221' title='bbox 145 2175 267 2227; x_wconf 79' lang='lat' dir='ltr'>apeccato</span> <span class='ocrx_word' id='word_1_222' title='bbox 284 2175 386 2222; x_wconf 68' lang='lat' dir='ltr'>excusat.</span> <span class='ocrx_word' id='word_1_223' title='bbox 403 2171 444 2214; x_wconf 89' lang='lat' dir='ltr'>sed</span> <span class='ocrx_word' id='word_1_224' title='bbox 460 2171 484 2213; x_wconf 92' lang='lat' dir='ltr'>in</span> <span class='ocrx_word' id='word_1_225' title='bbox 499 2175 594 2214; x_wconf 90' lang='lat' dir='ltr'>tantum</span> <span class='ocrx_word' id='word_1_226' title='bbox 609 2175 730 2228; x_wconf 89' lang='lat' dir='ltr'>peccatum</span> <span class='ocrx_word' id='word_1_227' title='bbox 746 2172 814 2223; x_wconf 87' lang='lat' dir='ltr'>tollit,</span> <span class='ocrx_word' id='word_1_228' title='bbox 831 2171 854 2213; x_wconf 95' lang='lat' dir='ltr'>in</span> <span class='ocrx_word' id='word_1_229' title='bbox 870 2174 985 2227; x_wconf 89' lang='lat' dir='ltr'>quantum</span> 
     </span>
     <span class='ocr_line' id='line_1_26' title="bbox 143 2249 948 2299; baseline -0.006 -4"><span class='ocrx_word' id='word_1_230' title='bbox 143 2253 223 2299; x_wconf 82' lang='lat' dir='ltr'>causat</span> <span class='ocrx_word' id='word_1_231' title='bbox 240 2249 431 2293; x_wconf 88' lang='lat' dir='ltr'>involuntarium.</span> <span class='ocrx_word' id='word_1_232' title='bbox 947 2258 948 2261; x_wconf 72' lang='grc'>’</span> 
     </span>
    </p>

    <p class='ocr_par' dir='ltr' id='par_1_4' title="bbox 143 2325 985 2463">
     <span class='ocr_line' id='line_1_27' title="bbox 151 2325 985 2386; baseline -0.005 -14"><span class='ocrx_word' id='word_1_233' title='bbox 151 2345 162 2376; x_wconf 51' lang='grc' dir='ltr'>,η</span> <span class='ocrx_word' id='word_1_234' title='bbox 171 2328 273 2386; x_wconf 75' lang='lat' dir='ltr'>Sequens</span> <span class='ocrx_word' id='word_1_235' title='bbox 289 2327 358 2384; x_wconf 79' lang='lat' dir='ltr'>igitur</span> <span class='ocrx_word' id='word_1_236' title='bbox 373 2328 540 2371; x_wconf 87' lang='lat' dir='ltr'>conscientiam</span> <span class='ocrx_word' id='word_1_237' title='bbox 555 2342 673 2373; x_wconf 76' lang='lat' dir='ltr'>erroneam</span> <span class='ocrx_word' id='word_1_238' title='bbox 689 2331 812 2374; x_wconf 83' lang='lat' dir='ltr'>excusatur</span> <span class='ocrx_word' id='word_1_239' title='bbox 827 2342 841 2370; x_wconf 94' lang='lat' dir='ltr'>a</span> <span class='ocrx_word' id='word_1_240' title='bbox 855 2331 950 2384; x_wconf 89' lang='lat' dir='ltr'>peccato</span> <span class='ocrx_word' id='word_1_241' title='bbox 960 2325 985 2369; x_wconf 85' lang='lat' dir='ltr'>si</span> 
     </span>
     <span class='ocr_line' id='line_1_28' title="bbox 143 2405 787 2463; baseline 0.003 -15"><span class='ocrx_word' id='word_1_242' title='bbox 143 2406 272 2463; x_wconf 77' lang='lat' dir='ltr'>ignorantia</span> <span class='ocrx_word' id='word_1_243' title='bbox 285 2405 333 2449; x_wconf 88' lang='lat' dir='ltr'>eius</span> <span class='ocrx_word' id='word_1_244' title='bbox 344 2410 381 2449; x_wconf 88' lang='lat' dir='ltr'>est</span> <span class='ocrx_word' id='word_1_245' title='bbox 395 2405 543 2458; x_wconf 75' lang='lat' dir='ltr'>invincibilis</span> <span class='ocrx_word' id='word_1_246' title='bbox 557 2418 622 2449; x_wconf 86' lang='lat' dir='ltr'>secus</span> <span class='ocrx_word' id='word_1_247' title='bbox 635 2406 654 2449; x_wconf 90' lang='lat' dir='ltr'>si</span> <span class='ocrx_word' id='word_1_248' title='bbox 666 2406 787 2450; x_wconf 87' lang='lat' dir='ltr'>vincibilis.</span> 
     </span>
    </p>

    <p class='ocr_par' dir='ltr' id='par_1_5' title="bbox 139 2482 986 3096">
     <span class='ocr_line' id='line_1_29' title="bbox 173 2482 985 2542; baseline -0.002 -15"><span class='ocrx_word' id='word_1_249' title='bbox 173 2482 314 2528; x_wconf 86' lang='lat' dir='ltr'>lnvincibilis</span> <span class='ocrx_word' id='word_1_250' title='bbox 327 2483 458 2541; x_wconf 86' lang='lat' dir='ltr'>ignorantia</span> <span class='ocrx_word' id='word_1_251' title='bbox 470 2484 562 2534; x_wconf 89' lang='lat' dir='ltr'>dicitur,</span> <span class='ocrx_word' id='word_1_252' title='bbox 575 2485 702 2527; x_wconf 90' lang='lat' dir='ltr'>secundum</span> <span class='ocrx_word' id='word_1_253' title='bbox 714 2485 776 2542; x_wconf 89' lang='lat' dir='ltr'>quod</span> <span class='ocrx_word' id='word_1_254' title='bbox 788 2485 835 2528; x_wconf 89' lang='lat' dir='ltr'>eius</span> <span class='ocrx_word' id='word_1_255' title='bbox 848 2483 985 2527; x_wconf 86' lang='lat' dir='ltr'>sublationis</span> 
     </span>
     <span class='ocr_line' id='line_1_30' title="bbox 141 2561 986 2626; baseline -0.002 -21"><span class='ocrx_word' id='word_1_256' title='bbox 141 2562 280 2626; x_wconf 78' lang='lat' dir='ltr'>principium</span> <span class='ocrx_word' id='word_1_257' title='bbox 291 2563 315 2605; x_wconf 91' lang='lat' dir='ltr'>in</span> <span class='ocrx_word' id='word_1_258' title='bbox 327 2563 393 2606; x_wconf 88' lang='lat' dir='ltr'>nobis</span> <span class='ocrx_word' id='word_1_259' title='bbox 405 2576 452 2605; x_wconf 92' lang='lat' dir='ltr'>non</span> <span class='ocrx_word' id='word_1_260' title='bbox 464 2566 506 2614; x_wconf 84' lang='lat' dir='ltr'>est,</span> <span class='ocrx_word' id='word_1_261' title='bbox 520 2562 641 2613; x_wconf 85' lang='lat' dir='ltr'>vincibilis,</span> <span class='ocrx_word' id='word_1_262' title='bbox 653 2563 780 2620; x_wconf 90' lang='lat' dir='ltr'>secundum</span> <span class='ocrx_word' id='word_1_263' title='bbox 792 2563 853 2622; x_wconf 90' lang='lat' dir='ltr'>quod</span> <span class='ocrx_word' id='word_1_264' title='bbox 865 2566 908 2605; x_wconf 88' lang='lat' dir='ltr'>est.</span> <span class='ocrx_word' id='word_1_265' title='bbox 921 2561 986 2606; x_wconf 89' lang='lat' dir='ltr'>Diffi-</span> 
     </span>
     <span class='ocr_line' id='line_1_31' title="bbox 142 2639 986 2697; baseline -0.001 -14"><span class='ocrx_word' id='word_1_266' title='bbox 142 2641 298 2691; x_wconf 75' lang='lat' dir='ltr'>niuntetiam</span> <span class='ocrx_word' id='word_1_267' title='bbox 316 2641 470 2685; x_wconf 90' lang='lat' dir='ltr'>communiter</span> <span class='ocrx_word' id='word_1_268' title='bbox 488 2640 663 2685; x_wconf 84' lang='lat' dir='ltr'>invincibilem:</span> <span class='ocrx_word' id='word_1_269' title='bbox 691 2655 749 2696; x_wconf 91' lang='lat' dir='ltr'>quae</span> <span class='ocrx_word' id='word_1_270' title='bbox 766 2641 848 2686; x_wconf 89' lang='lat' dir='ltr'>morali</span> <span class='ocrx_word' id='word_1_271' title='bbox 866 2639 986 2697; x_wconf 83' lang='lat' dir='ltr'>diligentia</span> 
     </span>
     <span class='ocr_line' id='line_1_32' title="bbox 141 2718 985 2777; baseline 0 -16"><span class='ocrx_word' id='word_1_272' title='bbox 141 2718 248 2771; x_wconf 77' lang='lat' dir='ltr'>tollinon</span> <span class='ocrx_word' id='word_1_273' title='bbox 258 2723 335 2776; x_wconf 87' lang='lat' dir='ltr'>potest</span> <span class='ocrx_word' id='word_1_274' title='bbox 347 2733 351 2771; x_wconf 87' lang='lat'>;</span> <span class='ocrx_word' id='word_1_275' title='bbox 362 2719 496 2763; x_wconf 87' lang='lat' dir='ltr'>vincibilem</span> <span class='ocrx_word' id='word_1_276' title='bbox 510 2733 514 2763; x_wconf 88' lang='lat'><strong>:</strong></span> <span class='ocrx_word' id='word_1_277' title='bbox 526 2733 585 2775; x_wconf 90' lang='lat' dir='ltr'>quae</span> <span class='ocrx_word' id='word_1_278' title='bbox 595 2719 646 2762; x_wconf 92' lang='lat' dir='ltr'>tolli</span> <span class='ocrx_word' id='word_1_279' title='bbox 655 2718 772 2763; x_wconf 88' lang='lat' dir='ltr'>moraliter</span> <span class='ocrx_word' id='word_1_280' title='bbox 782 2722 859 2777; x_wconf 89' lang='lat' dir='ltr'>potest</span> <span class='ocrx_word' id='word_1_281' title='bbox 870 2733 897 2762; x_wconf 92' lang='lat' dir='ltr'>ac</span> <span class='ocrx_word' id='word_1_282' title='bbox 908 2720 985 2762; x_wconf 87' lang='lat' dir='ltr'>debet.</span> 
     </span>
     <span class='ocr_line' id='line_1_33' title="bbox 141 2797 985 2854; baseline 0 -14"><span class='ocrx_word' id='word_1_283' title='bbox 141 2798 243 2854; x_wconf 83' lang='lat' dir='ltr'>Speciem</span> <span class='ocrx_word' id='word_1_284' title='bbox 257 2798 373 2854; x_wconf 85' lang='lat' dir='ltr'>duplicem</span> <span class='ocrx_word' id='word_1_285' title='bbox 387 2798 532 2854; x_wconf 85' lang='lat' dir='ltr'>ignorantiae</span> <span class='ocrx_word' id='word_1_286' title='bbox 546 2797 684 2841; x_wconf 81' lang='lat' dir='ltr'>invincibilis</span> <span class='ocrx_word' id='word_1_287' title='bbox 700 2799 723 2841; x_wconf 89' lang='lat' dir='ltr'>P.</span> <span class='ocrx_word' id='word_1_288' title='bbox 738 2798 803 2842; x_wconf 88' lang='lat' dir='ltr'>Frins</span> <span class='ocrx_word' id='word_1_289' title='bbox 816 2797 848 2841; x_wconf 86' lang='lat' dir='ltr'>sic</span> <span class='ocrx_word' id='word_1_290' title='bbox 858 2797 963 2854; x_wconf 82' lang='lat' dir='ltr'>explicat</span> <span class='ocrx_word' id='word_1_291' title='bbox 980 2810 985 2840; x_wconf 89' lang='lat'>:</span> 
     </span>
     <span class='ocr_line' id='line_1_34' title="bbox 141 2874 986 2936; baseline 0.001 -20"><span class='ocrx_word' id='word_1_292' title='bbox 141 2893 150 2916; x_wconf 80' lang='lat' dir='ltr'>l</span> <span class='ocrx_word' id='word_1_293' title='bbox 160 2876 260 2927; x_wconf 53' lang='lat' dir='ltr'>didesia...</span> <span class='ocrx_word' id='word_1_294' title='bbox 275 2876 352 2927; x_wconf 77' lang='lat' dir='ltr'>stricte,</span> <span class='ocrx_word' id='word_1_295' title='bbox 367 2875 458 2936; x_wconf 83' lang='lat' dir='ltr'>quoties</span> <span class='ocrx_word' id='word_1_296' title='bbox 472 2876 540 2919; x_wconf 90' lang='lat' dir='ltr'>nobis</span> <span class='ocrx_word' id='word_1_297' title='bbox 553 2876 624 2918; x_wconf 89' lang='lat' dir='ltr'>etiam</span> <span class='ocrx_word' id='word_1_298' title='bbox 636 2890 698 2921; x_wconf 89' lang='lat' dir='ltr'>mere</span> <span class='ocrx_word' id='word_1_299' title='bbox 709 2874 821 2921; x_wconf 86' lang='lat' dir='ltr'>naturalis</span> <span class='ocrx_word' id='word_1_300' title='bbox 834 2876 944 2932; x_wconf 86' lang='lat' dir='ltr'>cogitatio</span> <span class='ocrx_word' id='word_1_301' title='bbox 957 2875 986 2917; x_wconf 86' lang='lat' dir='ltr'>de</span> 
     </span>
     <span class='ocr_line' id='line_1_35' title="bbox 139 2952 985 3016; baseline -0.001 -20"><span class='ocrx_word' id='word_1_302' title='bbox 139 2954 337 3006; x_wconf 67' lang='lat' dir='ltr'>malitiaractionis</span> <span class='ocrx_word' id='word_1_303' title='bbox 351 2955 425 3005; x_wconf 85' lang='lat' dir='ltr'>abest,</span> <span class='ocrx_word' id='word_1_304' title='bbox 438 2967 480 2997; x_wconf 87' lang='lat' dir='ltr'>seu</span> <span class='ocrx_word' id='word_1_305' title='bbox 495 2955 560 2997; x_wconf 86' lang='lat' dir='ltr'>abest</span> <span class='ocrx_word' id='word_1_306' title='bbox 573 2954 648 3016; x_wconf 85' lang='lat' dir='ltr'>omnis</span> <span class='ocrx_word' id='word_1_307' title='bbox 661 2953 769 3010; x_wconf 82' lang='lat' dir='ltr'>cogitatio</span> <span class='ocrx_word' id='word_1_308' title='bbox 782 2955 810 2997; x_wconf 91' lang='lat' dir='ltr'>de</span> <span class='ocrx_word' id='word_1_309' title='bbox 822 2954 923 3010; x_wconf 84' lang='lat' dir='ltr'>periculo</span> <span class='ocrx_word' id='word_1_310' title='bbox 937 2952 985 2996; x_wconf 88' lang='lat' dir='ltr'>eius</span> 
     </span>
     <span class='ocr_line' id='line_1_36' title="bbox 139 3031 986 3096; baseline -0.002 -20"><span class='ocrx_word' id='word_1_311' title='bbox 139 3033 267 3094; x_wconf 57' lang='lat' dir='ltr'>aiitrpmnis</span> <span class='ocrx_word' id='word_1_312' title='bbox 281 3034 350 3076; x_wconf 86' lang='lat' dir='ltr'>deea</span> <span class='ocrx_word' id='word_1_313' title='bbox 362 3032 535 3077; x_wconf 85' lang='lat' dir='ltr'>dubitatioaut</span> <span class='ocrx_word' id='word_1_314' title='bbox 548 3033 697 3096; x_wconf 87' lang='lat' dir='ltr'>scrupulus...</span> <span class='ocrx_word' id='word_1_315' title='bbox 706 3033 764 3083; x_wconf 77' lang='lat' dir='ltr'>Late,</span> <span class='ocrx_word' id='word_1_316' title='bbox 773 3032 865 3088; x_wconf 84' lang='lat' dir='ltr'>quando</span> <span class='ocrx_word' id='word_1_317' title='bbox 879 3031 986 3075; x_wconf 88' lang='lat' dir='ltr'>adhibita</span> 
     </span>
    </p>
   </div>
   <div class='ocr_carea' id='block_1_4' title="bbox 0 0 1038 3413">
    <p class='ocr_par' dir='ltr' id='par_1_6' title="bbox 0 0 1038 3413">
     <span class='ocr_line' id='line_1_37' title="bbox 0 0 1038 3413; baseline 0 2"><span class='ocrx_word' id='word_1_318' title='bbox 0 0 1038 3413; x_wconf 95' lang='lat' dir='ltr'> </span> 
     </span>
    </p>
   </div>
  </div>
 </body>
</html>
