<?xml version="1.0" encoding="UTF-8"?>
<!DOCTYPE html PUBLIC "-//W3C//DTD XHTML 1.0 Transitional//EN"
    "http://www.w3.org/TR/xhtml1/DTD/xhtml1-transitional.dtd">
<html xmlns="http://www.w3.org/1999/xhtml" xml:lang="en" lang="en">
 <head>
  <title>
</title>
<meta http-equiv="Content-Type" content="text/html;charset=utf-8" />
  <meta name='ocr-system' content='tesseract 3.04.00' />
  <meta name='ocr-capabilities' content='ocr_page ocr_carea ocr_par ocr_line ocrx_word'/>
</head>
<body>
  <div class='ocr_page' id='page_1' title='image "MN5032ucmf_0_0022.png"; bbox 0 0 2068 3413; ppageno 0'>
   <div class='ocr_carea' id='block_1_1' title="bbox 104 164 608 198">
    <p class='ocr_par' dir='ltr' id='par_1_1' title="bbox 104 164 608 198">
     <span class='ocr_line' id='line_1_1' title="bbox 104 164 608 198; baseline 0.006 -3"><span class='ocrx_word' id='word_1_1' title='bbox 104 175 105 178; x_wconf 52' lang='lat'>¹</span> <span class='ocrx_word' id='word_1_2' title='bbox 127 164 154 195; x_wconf 92' lang='lat'>10</span> <span class='ocrx_word' id='word_1_3' title='bbox 472 165 608 198; x_wconf 87' lang='lat' dir='ltr'>PROOEMIUM</span> 
     </span>
    </p>
   </div>
   <div class='ocr_carea' id='block_1_2' title="bbox 67 293 990 2469">
    <p class='ocr_par' dir='ltr' id='par_1_2' title="bbox 67 293 990 2077">
     <span class='ocr_line' id='line_1_2' title="bbox 125 293 970 353; baseline 0.001 -17"><span class='ocrx_word' id='word_1_4' title='bbox 125 306 183 346; x_wconf 88' lang='lat' dir='ltr'>sare,</span> <span class='ocrx_word' id='word_1_5' title='bbox 192 294 229 338; x_wconf 91' lang='lat' dir='ltr'>vel</span> <span class='ocrx_word' id='word_1_6' title='bbox 239 293 310 337; x_wconf 90' lang='lat' dir='ltr'>etiam</span> <span class='ocrx_word' id='word_1_7' title='bbox 319 294 448 340; x_wconf 84' lang='lat' dir='ltr'>remordere</span> <span class='ocrx_word' id='word_1_8' title='bbox 457 294 505 338; x_wconf 84' lang='lat' dir='ltr'>sive</span> <span class='ocrx_word' id='word_1_9' title='bbox 514 294 686 353; x_wconf 86' lang='lat' dir='ltr'>reprehendere.</span> <span class='ocrx_word' id='word_1_10' title='bbox 697 297 728 339; x_wconf 87' lang='lat' dir='ltr'>Et</span> <span class='ocrx_word' id='word_1_11' title='bbox 738 294 882 338; x_wconf 91' lang='lat' dir='ltr'>haecomnia</span> <span class='ocrx_word' id='word_1_12' title='bbox 891 308 970 337; x_wconf 87' lang='lat' dir='ltr'>conse-</span> 
     </span>
     <span class='ocr_line' id='line_1_3' title="bbox 126 372 970 430; baseline 0 -15"><span class='ocrx_word' id='word_1_13' title='bbox 126 376 235 430; x_wconf 86' lang='lat' dir='ltr'>quuntur</span> <span class='ocrx_word' id='word_1_14' title='bbox 244 372 424 430; x_wconf 72' lang='lat' dir='ltr'>applicationem</span> <span class='ocrx_word' id='word_1_15' title='bbox 445 373 540 417; x_wconf 88' lang='lat' dir='ltr'>alicuius</span> <span class='ocrx_word' id='word_1_16' title='bbox 553 377 646 418; x_wconf 87' lang='lat' dir='ltr'>nostrae</span> <span class='ocrx_word' id='word_1_17' title='bbox 659 373 797 430; x_wconf 73' lang='lat' dir='ltr'>cognitionis</span> <span class='ocrx_word' id='word_1_18' title='bbox 810 373 848 417; x_wconf 83' lang='lat' dir='ltr'>vel</span> <span class='ocrx_word' id='word_1_19' title='bbox 860 372 970 416; x_wconf 83' lang='lat' dir='ltr'>scientiae</span> 
     </span>
     <span class='ocr_line' id='line_1_4' title="bbox 126 450 969 513; baseline 0.001 -20"><span class='ocrx_word' id='word_1_20' title='bbox 126 450 156 493; x_wconf 93' lang='lat' dir='ltr'>ad</span> <span class='ocrx_word' id='word_1_21' title='bbox 167 465 195 494; x_wconf 90' lang='lat' dir='ltr'>ea</span> <span class='ocrx_word' id='word_1_22' title='bbox 206 465 265 508; x_wconf 91' lang='lat' dir='ltr'>quae</span> <span class='ocrx_word' id='word_1_23' title='bbox 276 451 372 508; x_wconf 80' lang='lat' dir='ltr'>agimus.</span> <span class='ocrx_word' id='word_1_24' title='bbox 385 468 394 492; x_wconf 80' lang='lat' dir='ltr'>i</span> <span class='ocrx_word' id='word_1_25' title='bbox 406 451 447 508; x_wconf 61' lang='lat'>(1³,</span> <span class='ocrx_word' id='word_1_26' title='bbox 460 465 481 512; x_wconf 90' lang='lat' dir='ltr'>q.</span> <span class='ocrx_word' id='word_1_27' title='bbox 494 463 532 513; x_wconf 47' lang='grc' dir='ltr'>79,Ἰ</span> <span class='ocrx_word' id='word_1_28' title='bbox 542 466 562 495; x_wconf 91' lang='lat' dir='ltr'>a.</span> <span class='ocrx_word' id='word_1_29' title='bbox 575 465 602 507; x_wconf 84' lang='lat'>13</span> <span class='ocrx_word' id='word_1_30' title='bbox 613 466 618 505; x_wconf 85' lang='grc'><strong>;</strong></span> <span class='ocrx_word' id='word_1_31' title='bbox 629 453 663 497; x_wconf 86' lang='lat' dir='ltr'>cir</span> <span class='ocrx_word' id='word_1_32' title='bbox 672 454 706 496; x_wconf 83' lang='lat' dir='ltr'>De</span> <span class='ocrx_word' id='word_1_33' title='bbox 719 451 821 503; x_wconf 77' lang='lat' dir='ltr'>Veritate,</span> <span class='ocrx_word' id='word_1_34' title='bbox 838 465 859 508; x_wconf 90' lang='lat' dir='ltr'>q.</span> <span class='ocrx_word' id='word_1_35' title='bbox 877 462 911 507; x_wconf 87' lang='lat'>17,</span> <span class='ocrx_word' id='word_1_36' title='bbox 923 466 944 495; x_wconf 91' lang='lat' dir='ltr'>a.</span> <span class='ocrx_word' id='word_1_37' title='bbox 957 464 969 494; x_wconf 89' lang='lat'>1</span> 
     </span>
     <span class='ocr_line' id='line_1_5' title="bbox 126 529 970 588; baseline 0 -16"><span class='ocrx_word' id='word_1_38' title='bbox 126 532 149 572; x_wconf 90' lang='lat' dir='ltr'>et</span> <span class='ocrx_word' id='word_1_39' title='bbox 167 529 198 587; x_wconf 75' lang='lat'>2).</span> <span class='ocrx_word' id='word_1_40' title='bbox 214 555 244 561; x_wconf 80' lang='lat'>—</span> <span class='ocrx_word' id='word_1_41' title='bbox 260 529 405 573; x_wconf 69' lang='lat' dir='ltr'>Conscientia</span> <span class='ocrx_word' id='word_1_42' title='bbox 421 530 514 587; x_wconf 90' lang='lat' dir='ltr'>qualem</span> <span class='ocrx_word' id='word_1_43' title='bbox 530 530 667 576; x_wconf 72' lang='lat' dir='ltr'>recentiores</span> <span class='ocrx_word' id='word_1_44' title='bbox 684 530 801 588; x_wconf 86' lang='lat' dir='ltr'>accipiunt</span> <span class='ocrx_word' id='word_1_45' title='bbox 817 531 888 575; x_wconf 89' lang='lat' dir='ltr'>latius</span> <span class='ocrx_word' id='word_1_46' title='bbox 903 532 970 587; x_wconf 89' lang='lat' dir='ltr'>patet</span> 
     </span>
     <span class='ocr_line' id='line_1_6' title="bbox 126 607 970 668; baseline 0.001 -18"><span class='ocrx_word' id='word_1_47' title='bbox 126 608 276 665; x_wconf 76' lang='lat' dir='ltr'>usurpatione</span> <span class='ocrx_word' id='word_1_48' title='bbox 292 607 333 653; x_wconf 91' lang='lat' dir='ltr'>illa</span> <span class='ocrx_word' id='word_1_49' title='bbox 349 608 489 652; x_wconf 90' lang='lat' dir='ltr'>thomistica.</span> <span class='ocrx_word' id='word_1_50' title='bbox 509 609 575 666; x_wconf 77' lang='lat' dir='ltr'>Quod</span> <span class='ocrx_word' id='word_1_51' title='bbox 593 609 654 652; x_wconf 92' lang='lat' dir='ltr'>enim</span> <span class='ocrx_word' id='word_1_52' title='bbox 672 610 693 653; x_wconf 87' lang='lat' dir='ltr'>S.</span> <span class='ocrx_word' id='word_1_53' title='bbox 711 609 813 653; x_wconf 87' lang='lat' dir='ltr'>Thomas</span> <span class='ocrx_word' id='word_1_54' title='bbox 830 609 970 668; x_wconf 90' lang='lat' dir='ltr'>quandoque</span> 
     </span>
     <span class='ocr_line' id='line_1_7' title="bbox 128 666 970 737; baseline 0 -8"><span class='ocrx_word' id='word_1_55' title='bbox 128 686 177 731; x_wconf 88' lang='lat' dir='ltr'>fieri</span> <span class='ocrx_word' id='word_1_56' title='bbox 196 666 341 737; x_wconf 75' lang='lat' dir='ltr'>advertebat,</span> <span class='ocrx_word' id='word_1_57' title='bbox 361 690 388 729; x_wconf 92' lang='lat' dir='ltr'>ut</span> <span class='ocrx_word' id='word_1_58' title='bbox 407 700 491 730; x_wconf 92' lang='lat' dir='ltr'>nomen</span> <span class='ocrx_word' id='word_1_59' title='bbox 510 688 538 731; x_wconf 90' lang='lat' dir='ltr'>de</span> <span class='ocrx_word' id='word_1_60' title='bbox 558 690 612 731; x_wconf 87' lang='lat' dir='ltr'>actu</span> <span class='ocrx_word' id='word_1_61' title='bbox 630 687 793 733; x_wconf 80' lang='lat' dir='ltr'>transferretur</span> <span class='ocrx_word' id='word_1_62' title='bbox 812 688 843 731; x_wconf 93' lang='lat' dir='ltr'>ad</span> <span class='ocrx_word' id='word_1_63' title='bbox 862 686 970 731; x_wconf 91' lang='lat' dir='ltr'>habitum</span> 
     </span>
     <span class='ocr_line' id='line_1_8' title="bbox 129 763 971 823; baseline 0.002 -17"><span class='ocrx_word' id='word_1_64' title='bbox 129 763 160 822; x_wconf 84' lang='lat' dir='ltr'>(in</span> <span class='ocrx_word' id='word_1_65' title='bbox 174 767 275 816; x_wconf 67' lang='lat' dir='ltr'>Summa.</span> <span class='ocrx_word' id='word_1_66' title='bbox 288 765 304 809; x_wconf 85' lang='lat' dir='ltr'>l.</span> <span class='ocrx_word' id='word_1_67' title='bbox 318 764 351 822; x_wconf 82' lang='lat' dir='ltr'>l),</span> <span class='ocrx_word' id='word_1_68' title='bbox 365 765 390 808; x_wconf 91' lang='lat' dir='ltr'>id</span> <span class='ocrx_word' id='word_1_69' title='bbox 404 765 460 809; x_wconf 91' lang='lat' dir='ltr'>satis</span> <span class='ocrx_word' id='word_1_70' title='bbox 474 766 532 809; x_wconf 86' lang='lat' dir='ltr'>solet</span> <span class='ocrx_word' id='word_1_71' title='bbox 545 779 606 809; x_wconf 90' lang='lat' dir='ltr'>nunc</span> <span class='ocrx_word' id='word_1_72' title='bbox 622 765 671 811; x_wconf 86' lang='lat' dir='ltr'>fieri</span> <span class='ocrx_word' id='word_1_73' title='bbox 686 780 690 810; x_wconf 92' lang='lat'>:</span> <span class='ocrx_word' id='word_1_74' title='bbox 705 764 821 823; x_wconf 84' lang='lat' dir='ltr'>significat</span> <span class='ocrx_word' id='word_1_75' title='bbox 834 766 905 823; x_wconf 83' lang='lat' dir='ltr'>igitur</span> <span class='ocrx_word' id='word_1_76' title='bbox 917 779 971 808; x_wconf 90' lang='lat' dir='ltr'>con-</span> 
     </span>
     <span class='ocr_line' id='line_1_9' title="bbox 126 843 971 902; baseline 0 -16"><span class='ocrx_word' id='word_1_77' title='bbox 126 843 223 887; x_wconf 87' lang='lat' dir='ltr'>scientia</span> <span class='ocrx_word' id='word_1_78' title='bbox 237 843 314 901; x_wconf 89' lang='lat' dir='ltr'>ipsum</span> <span class='ocrx_word' id='word_1_79' title='bbox 329 843 437 888; x_wconf 90' lang='lat' dir='ltr'>habitum</span> <span class='ocrx_word' id='word_1_80' title='bbox 451 843 617 901; x_wconf 86' lang='lat' dir='ltr'>principiorum</span> <span class='ocrx_word' id='word_1_81' title='bbox 631 844 760 902; x_wconf 86' lang='lat' dir='ltr'>primorum</span> <span class='ocrx_word' id='word_1_82' title='bbox 775 844 871 889; x_wconf 86' lang='lat' dir='ltr'>rationis</span> <span class='ocrx_word' id='word_1_83' title='bbox 886 843 971 901; x_wconf 90' lang='lat' dir='ltr'>practi-</span> 
     </span>
     <span class='ocr_line' id='line_1_10' title="bbox 126 922 972 982; baseline 0.002 -18"><span class='ocrx_word' id='word_1_84' title='bbox 126 936 173 973; x_wconf 85' lang='lat' dir='ltr'>cae,</span> <span class='ocrx_word' id='word_1_85' title='bbox 189 936 258 982; x_wconf 87' lang='lat' dir='ltr'>quem</span> <span class='ocrx_word' id='word_1_86' title='bbox 273 924 366 968; x_wconf 84' lang='lat' dir='ltr'>Veteres</span> <span class='ocrx_word' id='word_1_87' title='bbox 382 938 391 962; x_wconf 78' lang='lat' dir='ltr'>r</span> <span class='ocrx_word' id='word_1_88' title='bbox 400 923 542 979; x_wconf 89' lang='lat' dir='ltr'>synderesim</span> <span class='ocrx_word' id='word_1_89' title='bbox 553 939 562 963; x_wconf 77' lang='lat' dir='ltr'>r</span> <span class='ocrx_word' id='word_1_90' title='bbox 575 922 684 967; x_wconf 89' lang='lat' dir='ltr'>dicebant</span> <span class='ocrx_word' id='word_1_91' title='bbox 700 923 741 980; x_wconf 64' lang='lat'>(1³,</span> <span class='ocrx_word' id='word_1_92' title='bbox 754 936 776 978; x_wconf 94' lang='lat' dir='ltr'>q.</span> <span class='ocrx_word' id='word_1_93' title='bbox 792 934 828 980; x_wconf 80' lang='lat'>79,</span> <span class='ocrx_word' id='word_1_94' title='bbox 843 937 863 967; x_wconf 93' lang='lat' dir='ltr'>a.</span> <span class='ocrx_word' id='word_1_95' title='bbox 880 924 972 975; x_wconf 75' lang='lat' dir='ltr'>123De</span> 
     </span>
     <span class='ocr_line' id='line_1_11' title="bbox 129 1000 972 1059; baseline -0.002 -14"><span class='ocrx_word' id='word_1_96' title='bbox 129 1001 231 1051; x_wconf 79' lang='lat' dir='ltr'>Veriiaie,</span> <span class='ocrx_word' id='word_1_97' title='bbox 246 1014 268 1056; x_wconf 92' lang='lat' dir='ltr'>q.</span> <span class='ocrx_word' id='word_1_98' title='bbox 284 1001 327 1059; x_wconf 86' lang='lat'>16).</span> <span class='ocrx_word' id='word_1_99' title='bbox 342 1000 378 1045; x_wconf 87' lang='lat' dir='ltr'>Sic</span> <span class='ocrx_word' id='word_1_100' title='bbox 402 1015 437 1045; x_wconf 85' lang='lat' dir='ltr'>ex.</span> <span class='ocrx_word' id='word_1_101' title='bbox 451 1014 483 1057; x_wconf 83' lang='lat' dir='ltr'>gr.</span> <span class='ocrx_word' id='word_1_102' title='bbox 496 1000 581 1046; x_wconf 86' lang='lat' dir='ltr'>dicitur</span> <span class='ocrx_word' id='word_1_103' title='bbox 595 1015 599 1046; x_wconf 72' lang='grc' dir='ltr'><strong><em>ε</em></strong></span> <span class='ocrx_word' id='word_1_104' title='bbox 624 1001 684 1045; x_wconf 80' lang='lat' dir='ltr'>«Cet</span> <span class='ocrx_word' id='word_1_105' title='bbox 697 1001 790 1044; x_wconf 90' lang='lat' dir='ltr'>homme</span> <span class='ocrx_word' id='word_1_106' title='bbox 803 1004 838 1044; x_wconf 89' lang='lat' dir='ltr'>est</span> <span class='ocrx_word' id='word_1_107' title='bbox 851 1014 904 1044; x_wconf 92' lang='lat' dir='ltr'>sans</span> <span class='ocrx_word' id='word_1_108' title='bbox 918 1014 972 1044; x_wconf 92' lang='lat' dir='ltr'>con-</span> 
     </span>
     <span class='ocr_line' id='line_1_12' title="bbox 126 1078 971 1137; baseline 0 -16"><span class='ocrx_word' id='word_1_109' title='bbox 126 1079 214 1122; x_wconf 87' lang='lat' dir='ltr'>science</span> <span class='ocrx_word' id='word_1_110' title='bbox 226 1096 241 1130; x_wconf 75' lang='lat' dir='ltr'>r,</span> <span class='ocrx_word' id='word_1_111' title='bbox 261 1079 280 1121; x_wconf 92' lang='lat' dir='ltr'>si</span> <span class='ocrx_word' id='word_1_112' title='bbox 298 1079 332 1122; x_wconf 91' lang='lat' dir='ltr'>ita</span> <span class='ocrx_word' id='word_1_113' title='bbox 350 1079 501 1123; x_wconf 88' lang='lat' dir='ltr'>habitualiter</span> <span class='ocrx_word' id='word_1_114' title='bbox 520 1079 574 1136; x_wconf 64' lang='lat' dir='ltr'>agity</span> <span class='ocrx_word' id='word_1_115' title='bbox 594 1083 621 1122; x_wconf 92' lang='lat' dir='ltr'>ut</span> <span class='ocrx_word' id='word_1_116' title='bbox 639 1079 748 1123; x_wconf 86' lang='lat' dir='ltr'>videatur</span> <span class='ocrx_word' id='word_1_117' title='bbox 765 1079 834 1122; x_wconf 86' lang='lat' dir='ltr'>dictis</span> <span class='ocrx_word' id='word_1_118' title='bbox 852 1078 971 1137; x_wconf 87' lang='lat' dir='ltr'>principiis</span> 
     </span>
     <span class='ocr_line' id='line_1_13' title="bbox 101 1157 971 1220; baseline 0 -20"><span class='ocrx_word' id='word_1_119' title='bbox 101 1202 102 1206; x_wconf 58' lang='grc'>,</span> <span class='ocrx_word' id='word_1_120' title='bbox 127 1171 210 1220; x_wconf 72' lang='lat' dir='ltr'>carere.</span> <span class='ocrx_word' id='word_1_121' title='bbox 218 1157 406 1215; x_wconf 86' lang='lat' dir='ltr'>Amplius‚verbi</span> <span class='ocrx_word' id='word_1_122' title='bbox 414 1174 423 1198; x_wconf 80' lang='lat' dir='ltr'>r</span> <span class='ocrx_word' id='word_1_123' title='bbox 429 1157 580 1201; x_wconf 88' lang='lat' dir='ltr'>conscientiae</span> <span class='ocrx_word' id='word_1_124' title='bbox 588 1174 597 1199; x_wconf 88' lang='lat'>»</span> <span class='ocrx_word' id='word_1_125' title='bbox 603 1157 777 1215; x_wconf 89' lang='lat' dir='ltr'>comprehensio</span> <span class='ocrx_word' id='word_1_126' title='bbox 784 1158 817 1200; x_wconf 90' lang='lat' dir='ltr'>sic</span> <span class='ocrx_word' id='word_1_127' title='bbox 823 1157 894 1201; x_wconf 90' lang='lat' dir='ltr'>etiam</span> <span class='ocrx_word' id='word_1_128' title='bbox 902 1161 971 1200; x_wconf 90' lang='lat' dir='ltr'>aucta</span> 
     </span>
     <span class='ocr_line' id='line_1_14' title="bbox 127 1235 971 1295; baseline 0 -17"><span class='ocrx_word' id='word_1_129' title='bbox 127 1239 169 1287; x_wconf 88' lang='lat' dir='ltr'>est,</span> <span class='ocrx_word' id='word_1_130' title='bbox 181 1239 208 1279; x_wconf 89' lang='lat' dir='ltr'>ut</span> <span class='ocrx_word' id='word_1_131' title='bbox 218 1250 271 1279; x_wconf 93' lang='lat' dir='ltr'>cum</span> <span class='ocrx_word' id='word_1_132' title='bbox 281 1236 399 1293; x_wconf 88' lang='lat' dir='ltr'>principiis</span> <span class='ocrx_word' id='word_1_133' title='bbox 409 1235 497 1293; x_wconf 67' lang='lat' dir='ltr'>primis.</span> <span class='ocrx_word' id='word_1_134' title='bbox 509 1250 568 1295; x_wconf 92' lang='lat' dir='ltr'>quae</span> <span class='ocrx_word' id='word_1_135' title='bbox 578 1240 633 1279; x_wconf 86' lang='lat' dir='ltr'>sunt</span> <span class='ocrx_word' id='word_1_136' title='bbox 643 1236 752 1280; x_wconf 90' lang='lat' dir='ltr'>omnibus</span> <span class='ocrx_word' id='word_1_137' title='bbox 765 1236 899 1281; x_wconf 89' lang='lat' dir='ltr'>hominibus</span> <span class='ocrx_word' id='word_1_138' title='bbox 909 1250 971 1278; x_wconf 92' lang='lat' dir='ltr'>com·</span> 
     </span>
     <span class='ocr_line' id='line_1_15' title="bbox 126 1313 971 1373; baseline 0 -16"><span class='ocrx_word' id='word_1_139' title='bbox 126 1314 213 1366; x_wconf 87' lang='lat' dir='ltr'>munia,</span> <span class='ocrx_word' id='word_1_140' title='bbox 223 1314 347 1372; x_wconf 90' lang='lat' dir='ltr'>complecti</span> <span class='ocrx_word' id='word_1_141' title='bbox 355 1314 426 1357; x_wconf 91' lang='lat' dir='ltr'>etiam</span> <span class='ocrx_word' id='word_1_142' title='bbox 442 1314 607 1372; x_wconf 85' lang='lat' dir='ltr'>intellegantur</span> <span class='ocrx_word' id='word_1_143' title='bbox 624 1314 738 1372; x_wconf 91' lang='lat' dir='ltr'>principia</span> <span class='ocrx_word' id='word_1_144' title='bbox 754 1315 858 1373; x_wconf 88' lang='lat' dir='ltr'>practica</span> <span class='ocrx_word' id='word_1_145' title='bbox 874 1313 971 1359; x_wconf 87' lang='lat' dir='ltr'>moralia</span> 
     </span>
     <span class='ocr_line' id='line_1_16' title="bbox 126 1392 970 1452; baseline 0 -17"><span class='ocrx_word' id='word_1_146' title='bbox 126 1393 200 1449; x_wconf 83' lang='lat' dir='ltr'>magis</span> <span class='ocrx_word' id='word_1_147' title='bbox 213 1393 375 1444; x_wconf 86' lang='lat' dir='ltr'>determinata,</span> <span class='ocrx_word' id='word_1_148' title='bbox 391 1396 414 1436; x_wconf 90' lang='lat' dir='ltr'>et</span> <span class='ocrx_word' id='word_1_149' title='bbox 428 1407 487 1449; x_wconf 88' lang='lat' dir='ltr'>quae</span> <span class='ocrx_word' id='word_1_150' title='bbox 501 1396 555 1436; x_wconf 91' lang='lat' dir='ltr'>sunt</span> <span class='ocrx_word' id='word_1_151' title='bbox 568 1393 693 1452; x_wconf 87' lang='lat' dir='ltr'>unicuique</span> <span class='ocrx_word' id='word_1_152' title='bbox 706 1392 828 1436; x_wconf 89' lang='lat' dir='ltr'>hominum</span> <span class='ocrx_word' id='word_1_153' title='bbox 842 1392 970 1436; x_wconf 88' lang='lat' dir='ltr'>condicioni</span> 
     </span>
     <span class='ocr_line' id='line_1_17' title="bbox 115 1469 972 1530; baseline 0 -17"><span class='ocrx_word' id='word_1_154' title='bbox 115 1469 117 1472; x_wconf 76' lang='grc'><strong>’</strong></span> <span class='ocrx_word' id='word_1_155' title='bbox 126 1471 231 1528; x_wconf 85' lang='lat' dir='ltr'>propria:</span> <span class='ocrx_word' id='word_1_156' title='bbox 246 1471 289 1514; x_wconf 94' lang='lat' dir='ltr'>hoc</span> <span class='ocrx_word' id='word_1_157' title='bbox 299 1484 363 1515; x_wconf 85' lang='lat' dir='ltr'>exeo</span> <span class='ocrx_word' id='word_1_158' title='bbox 373 1474 484 1528; x_wconf 67' lang='lat' dir='ltr'>tempore,</span> <span class='ocrx_word' id='word_1_159' title='bbox 495 1485 540 1530; x_wconf 90' lang='lat' dir='ltr'>quo</span> <span class='ocrx_word' id='word_1_160' title='bbox 550 1471 627 1514; x_wconf 90' lang='lat' dir='ltr'>ethica</span> <span class='ocrx_word' id='word_1_161' title='bbox 636 1475 719 1529; x_wconf 89' lang='lat' dir='ltr'>coepta</span> <span class='ocrx_word' id='word_1_162' title='bbox 729 1474 764 1515; x_wconf 88' lang='lat' dir='ltr'>est</span> <span class='ocrx_word' id='word_1_163' title='bbox 773 1471 847 1528; x_wconf 84' lang='lat' dir='ltr'>magis</span> <span class='ocrx_word' id='word_1_164' title='bbox 856 1470 972 1514; x_wconf 86' lang='lat' dir='ltr'>socialiter</span> 
     </span>
     <span class='ocr_line' id='line_1_18' title="bbox 127 1549 969 1607; baseline -0.001 -15"><span class='ocrx_word' id='word_1_165' title='bbox 127 1550 230 1602; x_wconf 86' lang='lat' dir='ltr'>tractari,</span> <span class='ocrx_word' id='word_1_166' title='bbox 241 1564 267 1592; x_wconf 90' lang='lat' dir='ltr'>ac</span> <span class='ocrx_word' id='word_1_167' title='bbox 276 1549 411 1607; x_wconf 86' lang='lat' dir='ltr'>praesertim</span> <span class='ocrx_word' id='word_1_168' title='bbox 422 1550 449 1592; x_wconf 80' lang='lat' dir='ltr'>fir</span> <span class='ocrx_word' id='word_1_169' title='bbox 458 1549 585 1593; x_wconf 88' lang='lat' dir='ltr'>adiective:</span> <span class='ocrx_word' id='word_1_170' title='bbox 600 1564 634 1594; x_wconf 86' lang='lat' dir='ltr'>ex.</span> <span class='ocrx_word' id='word_1_171' title='bbox 645 1563 677 1607; x_wconf 83' lang='lat' dir='ltr'>gr.</span> <span class='ocrx_word' id='word_1_172' title='bbox 689 1566 698 1591; x_wconf 81' lang='lat' dir='ltr'>r</span> <span class='ocrx_word' id='word_1_173' title='bbox 708 1550 817 1594; x_wconf 89' lang='lat' dir='ltr'>acheteur</span> <span class='ocrx_word' id='word_1_174' title='bbox 826 1549 943 1592; x_wconf 87' lang='lat' dir='ltr'>conscient</span> <span class='ocrx_word' id='word_1_175' title='bbox 954 1566 969 1600; x_wconf 75' lang='lat' dir='ltr'>r),</span> 
     </span>
     <span class='ocr_line' id='line_1_19' title="bbox 129 1627 970 1688; baseline 0.002 -20"><span class='ocrx_word' id='word_1_176' title='bbox 129 1628 270 1685; x_wconf 72' lang='lat' dir='ltr'>‹r-prole&#39;taire</span> <span class='ocrx_word' id='word_1_177' title='bbox 288 1628 403 1671; x_wconf 91' lang='lat' dir='ltr'>conscient</span> <span class='ocrx_word' id='word_1_178' title='bbox 415 1645 430 1680; x_wconf 74' lang='lat' dir='ltr'>r),</span> <span class='ocrx_word' id='word_1_179' title='bbox 449 1632 491 1672; x_wconf 81' lang='lat' dir='ltr'>etc.</span> <span class='ocrx_word' id='word_1_180' title='bbox 505 1629 538 1686; x_wconf 74' lang='lat' dir='ltr'>(z</span> <span class='ocrx_word' id='word_1_181' title='bbox 549 1627 568 1671; x_wconf 92' lang='lat' dir='ltr'>is</span> <span class='ocrx_word' id='word_1_182' title='bbox 585 1628 671 1672; x_wconf 89' lang='lat' dir='ltr'>scilicet</span> <span class='ocrx_word' id='word_1_183' title='bbox 689 1628 729 1688; x_wconf 88' lang='lat' dir='ltr'>qui</span> <span class='ocrx_word' id='word_1_184' title='bbox 745 1628 815 1686; x_wconf 90' lang='lat' dir='ltr'>plane</span> <span class='ocrx_word' id='word_1_185' title='bbox 831 1627 898 1670; x_wconf 92' lang='lat' dir='ltr'>novit</span> <span class='ocrx_word' id='word_1_186' title='bbox 915 1627 970 1686; x_wconf 89' lang='lat' dir='ltr'>quid</span> 
     </span>
     <span class='ocr_line' id='line_1_20' title="bbox 67 1705 969 1767; baseline 0.001 -19"><span class='ocrx_word' id='word_1_187' title='bbox 67 1764 68 1767; x_wconf 7' lang='grc' dir='ltr'><strong>Ἰ</strong></span> <span class='ocrx_word' id='word_1_188' title='bbox 127 1706 172 1750; x_wconf 90' lang='lat' dir='ltr'>sibi</span> <span class='ocrx_word' id='word_1_189' title='bbox 185 1707 223 1751; x_wconf 87' lang='lat' dir='ltr'>vel</span> <span class='ocrx_word' id='word_1_190' title='bbox 238 1721 251 1749; x_wconf 91' lang='lat' dir='ltr'>a</span> <span class='ocrx_word' id='word_1_191' title='bbox 265 1721 289 1750; x_wconf 91' lang='lat' dir='ltr'>se</span> <span class='ocrx_word' id='word_1_192' title='bbox 303 1706 416 1764; x_wconf 85' lang='lat' dir='ltr'>praestari</span> <span class='ocrx_word' id='word_1_193' title='bbox 430 1707 521 1758; x_wconf 84' lang='lat' dir='ltr'>debeat,</span> <span class='ocrx_word' id='word_1_194' title='bbox 537 1721 580 1764; x_wconf 79' lang='lat' dir='ltr'>qua</span> <span class='ocrx_word' id='word_1_195' title='bbox 594 1710 685 1764; x_wconf 87' lang='lat' dir='ltr'>emptor</span> <span class='ocrx_word' id='word_1_196' title='bbox 699 1710 741 1758; x_wconf 85' lang='lat' dir='ltr'>est,</span> <span class='ocrx_word' id='word_1_197' title='bbox 758 1710 801 1763; x_wconf 77' lang='lat' dir='ltr'>qiia</span> <span class='ocrx_word' id='word_1_198' title='bbox 814 1705 969 1763; x_wconf 87' lang='lat' dir='ltr'>proletarius).</span> 
     </span>
     <span class='ocr_line' id='line_1_21' title="bbox 127 1784 970 1844; baseline -0.002 -16"><span class='ocrx_word' id='word_1_199' title='bbox 127 1784 208 1844; x_wconf 83' lang='lat' dir='ltr'>Neque</span> <span class='ocrx_word' id='word_1_200' title='bbox 221 1785 296 1829; x_wconf 91' lang='lat' dir='ltr'>aliena</span> <span class='ocrx_word' id='word_1_201' title='bbox 303 1798 396 1842; x_wconf 88' lang='lat' dir='ltr'>prorsus</span> <span class='ocrx_word' id='word_1_202' title='bbox 404 1789 439 1828; x_wconf 92' lang='lat' dir='ltr'>est</span> <span class='ocrx_word' id='word_1_203' title='bbox 453 1799 466 1827; x_wconf 91' lang='lat' dir='ltr'>a</span> <span class='ocrx_word' id='word_1_204' title='bbox 480 1785 647 1841; x_wconf 85' lang='lat' dir='ltr'>significatione</span> <span class='ocrx_word' id='word_1_205' title='bbox 659 1784 725 1828; x_wconf 85' lang='lat' dir='ltr'>verbi</span> <span class='ocrx_word' id='word_1_206' title='bbox 736 1784 819 1829; x_wconf 92' lang='lat' dir='ltr'>morali</span> <span class='ocrx_word' id='word_1_207' title='bbox 831 1784 970 1842; x_wconf 85' lang='lat' dir='ltr'>significatio</span> 
     </span>
     <span class='ocr_line' id='line_1_22' title="bbox 75 1862 990 1922; baseline -0.001 -16"><span class='ocrx_word' id='word_1_208' title='bbox 75 1890 77 1894; x_wconf 93' lang='lat'>·</span> <span class='ocrx_word' id='word_1_209' title='bbox 128 1863 176 1906; x_wconf 88' lang='lat' dir='ltr'>eius</span> <span class='ocrx_word' id='word_1_210' title='bbox 188 1863 358 1921; x_wconf 76' lang='lat' dir='ltr'>psychologica,</span> <span class='ocrx_word' id='word_1_211' title='bbox 372 1877 418 1922; x_wconf 89' lang='lat' dir='ltr'>qua</span> <span class='ocrx_word' id='word_1_212' title='bbox 432 1880 441 1904; x_wconf 77' lang='lat' dir='ltr'>r</span> <span class='ocrx_word' id='word_1_213' title='bbox 449 1877 541 1906; x_wconf 89' lang='lat' dir='ltr'>sensum</span> <span class='ocrx_word' id='word_1_214' title='bbox 554 1863 589 1906; x_wconf 89' lang='lat' dir='ltr'>sui</span> <span class='ocrx_word' id='word_1_215' title='bbox 600 1880 609 1904; x_wconf 74' lang='lat' dir='ltr'>r&gt;</span> <span class='ocrx_word' id='word_1_216' title='bbox 621 1863 645 1907; x_wconf 92' lang='lat' dir='ltr'>in</span> <span class='ocrx_word' id='word_1_217' title='bbox 657 1866 710 1906; x_wconf 92' lang='lat' dir='ltr'>ente</span> <span class='ocrx_word' id='word_1_218' title='bbox 722 1862 827 1908; x_wconf 92' lang='lat' dir='ltr'>moderni</span> <span class='ocrx_word' id='word_1_219' title='bbox 838 1862 971 1920; x_wconf 92' lang='lat' dir='ltr'>philosophi</span> <span class='ocrx_word' id='word_1_220' title='bbox 989 1884 990 1887; x_wconf 57' lang='lat'><em>=</em></span> 
     </span>
     <span class='ocr_line' id='line_1_23' title="bbox 127 1941 970 2000; baseline -0.002 -16"><span class='ocrx_word' id='word_1_221' title='bbox 127 1942 249 1998; x_wconf 84' lang='lat' dir='ltr'>designant</span> <span class='ocrx_word' id='word_1_222' title='bbox 266 1942 307 2000; x_wconf 83' lang='lat' dir='ltr'>(cir</span> <span class='ocrx_word' id='word_1_223' title='bbox 320 1941 419 1999; x_wconf 89' lang='lat' dir='ltr'>primam</span> <span class='ocrx_word' id='word_1_224' title='bbox 433 1941 498 1986; x_wconf 82' lang='lat' dir='ltr'>verbi</span> <span class='ocrx_word' id='word_1_225' title='bbox 512 1941 669 1998; x_wconf 89' lang='lat' dir='ltr'>acceptionem</span> <span class='ocrx_word' id='word_1_226' title='bbox 684 1942 747 1999; x_wconf 91' lang='lat' dir='ltr'>apud</span> <span class='ocrx_word' id='word_1_227' title='bbox 763 1942 784 1985; x_wconf 85' lang='lat' dir='ltr'>S.</span> <span class='ocrx_word' id='word_1_228' title='bbox 800 1941 922 1992; x_wconf 89' lang='lat' dir='ltr'>Thomam,</span> <span class='ocrx_word' id='word_1_229' title='bbox 939 1948 970 1992; x_wconf 63' lang='lat'>1³,</span> 
     </span>
     <span class='ocr_line' id='line_1_24' title="bbox 127 2020 297 2077; baseline 0.012 -2"><span class='ocrx_word' id='word_1_230' title='bbox 127 2020 297 2077; x_wconf 62' lang='lat' dir='ltr'>&lt;irae-13)-</span> 
     </span>
    </p>

    <p class='ocr_par' dir='ltr' id='par_1_3' title="bbox 127 2097 972 2469">
     <span class='ocr_line' id='line_1_25' title="bbox 158 2097 971 2157; baseline -0.005 -14"><span class='ocrx_word' id='word_1_231' title='bbox 158 2098 291 2144; x_wconf 87' lang='lat' dir='ltr'>Generatim</span> <span class='ocrx_word' id='word_1_232' title='bbox 301 2099 377 2156; x_wconf 83' lang='lat' dir='ltr'>igitur,</span> <span class='ocrx_word' id='word_1_233' title='bbox 389 2098 528 2141; x_wconf 89' lang='lat' dir='ltr'>conscientia</span> <span class='ocrx_word' id='word_1_234' title='bbox 538 2102 579 2149; x_wconf 91' lang='lat' dir='ltr'>est,</span> <span class='ocrx_word' id='word_1_235' title='bbox 592 2101 638 2157; x_wconf 86' lang='lat' dir='ltr'>qua</span> <span class='ocrx_word' id='word_1_236' title='bbox 647 2097 716 2141; x_wconf 78' lang='lat' dir='ltr'>video</span> <span class='ocrx_word' id='word_1_237' title='bbox 727 2097 783 2157; x_wconf 92' lang='lat' dir='ltr'>quid</span> <span class='ocrx_word' id='word_1_238' title='bbox 793 2097 852 2140; x_wconf 95' lang='lat' dir='ltr'>mihi</span> <span class='ocrx_word' id='word_1_239' title='bbox 861 2097 892 2140; x_wconf 88' lang='lat' dir='ltr'>sit</span> <span class='ocrx_word' id='word_1_240' title='bbox 903 2111 971 2153; x_wconf 86' lang='lat' dir='ltr'>agen-</span> 
     </span>
     <span class='ocr_line' id='line_1_26' title="bbox 127 2175 970 2233; baseline -0.001 -14"><span class='ocrx_word' id='word_1_241' title='bbox 127 2177 184 2219; x_wconf 90' lang='lat' dir='ltr'>dum</span> <span class='ocrx_word' id='word_1_242' title='bbox 202 2176 326 2229; x_wconf 72' lang='lat' dir='ltr'>moraliter,</span> <span class='ocrx_word' id='word_1_243' title='bbox 345 2176 383 2220; x_wconf 85' lang='lat' dir='ltr'>vel</span> <span class='ocrx_word' id='word_1_244' title='bbox 400 2176 459 2221; x_wconf 86' lang='lat' dir='ltr'>ratio</span> <span class='ocrx_word' id='word_1_245' title='bbox 477 2176 580 2233; x_wconf 88' lang='lat' dir='ltr'>practica</span> <span class='ocrx_word' id='word_1_246' title='bbox 597 2176 621 2219; x_wconf 95' lang='lat' dir='ltr'>in</span> <span class='ocrx_word' id='word_1_247' title='bbox 640 2176 719 2221; x_wconf 90' lang='lat' dir='ltr'>ordine</span> <span class='ocrx_word' id='word_1_248' title='bbox 738 2176 768 2219; x_wconf 92' lang='lat' dir='ltr'>ad</span> <span class='ocrx_word' id='word_1_249' title='bbox 787 2175 883 2233; x_wconf 73' lang='lat' dir='ltr'>agibilia</span> <span class='ocrx_word' id='word_1_250' title='bbox 903 2176 970 2233; x_wconf 87' lang='lat' dir='ltr'>(quae</span> 
     </span>
     <span class='ocr_line' id='line_1_27' title="bbox 128 2254 971 2312; baseline 0 -15"><span class='ocrx_word' id='word_1_251' title='bbox 128 2254 304 2312; x_wconf 86' lang='lat' dir='ltr'>distinguuntur</span> <span class='ocrx_word' id='word_1_252' title='bbox 317 2270 331 2298; x_wconf 89' lang='lat' dir='ltr'>a</span> <span class='ocrx_word' id='word_1_253' title='bbox 344 2254 488 2310; x_wconf 56' lang='lat' dir='ltr'>factibilibirs.</span> <span class='ocrx_word' id='word_1_254' title='bbox 508 2255 546 2298; x_wconf 86' lang='lat' dir='ltr'>Cir</span> <span class='ocrx_word' id='word_1_255' title='bbox 560 2262 585 2298; x_wconf 59' lang='lat' dir='ltr'>1⁴l</span> <span class='ocrx_word' id='word_1_256' title='bbox 598 2262 641 2306; x_wconf 63' lang='lat' dir='ltr'>zat,</span> <span class='ocrx_word' id='word_1_257' title='bbox 656 2268 678 2310; x_wconf 93' lang='lat' dir='ltr'>q.</span> <span class='ocrx_word' id='word_1_258' title='bbox 693 2264 728 2310; x_wconf 84' lang='lat'>57,</span> <span class='ocrx_word' id='word_1_259' title='bbox 743 2269 763 2297; x_wconf 90' lang='lat' dir='ltr'>a.</span> <span class='ocrx_word' id='word_1_260' title='bbox 778 2266 807 2309; x_wconf 81' lang='lat'>4;</span> <span class='ocrx_word' id='word_1_261' title='bbox 820 2256 854 2299; x_wconf 77' lang='lat' dir='ltr'>De</span> <span class='ocrx_word' id='word_1_262' title='bbox 870 2255 971 2305; x_wconf 78' lang='lat' dir='ltr'>Veriiaie,</span> 
     </span>
     <span class='ocr_line' id='line_1_28' title="bbox 129 2331 972 2391; baseline -0.001 -15"><span class='ocrx_word' id='word_1_263' title='bbox 129 2347 151 2389; x_wconf 89' lang='lat' dir='ltr'>q.</span> <span class='ocrx_word' id='word_1_264' title='bbox 164 2342 184 2387; x_wconf 83' lang='lat'>5,</span> <span class='ocrx_word' id='word_1_265' title='bbox 196 2348 216 2377; x_wconf 92' lang='lat' dir='ltr'>a.</span> <span class='ocrx_word' id='word_1_266' title='bbox 229 2333 257 2391; x_wconf 86' lang='lat'>1).</span> <span class='ocrx_word' id='word_1_267' title='bbox 270 2333 348 2378; x_wconf 89' lang='lat' dir='ltr'>Virtus</span> <span class='ocrx_word' id='word_1_268' title='bbox 359 2347 410 2376; x_wconf 88' lang='lat' dir='ltr'>eam</span> <span class='ocrx_word' id='word_1_269' title='bbox 420 2333 542 2391; x_wconf 86' lang='lat' dir='ltr'>perficiens</span> <span class='ocrx_word' id='word_1_270' title='bbox 551 2336 585 2388; x_wconf 77' lang='lat' dir='ltr'>est</span> <span class='ocrx_word' id='word_1_271' title='bbox 595 2333 726 2390; x_wconf 89' lang='lat' dir='ltr'>prudentia.</span> <span class='ocrx_word' id='word_1_272' title='bbox 745 2332 850 2377; x_wconf 86' lang='lat' dir='ltr'>Generali</span> <span class='ocrx_word' id='word_1_273' title='bbox 860 2331 899 2374; x_wconf 92' lang='lat' dir='ltr'>illa</span> <span class='ocrx_word' id='word_1_274' title='bbox 909 2332 972 2375; x_wconf 86' lang='lat' dir='ltr'>vocis</span> 
     </span>
     <span class='ocr_line' id='line_1_29' title="bbox 129 2411 808 2469; baseline -0.001 -15"><span class='ocrx_word' id='word_1_275' title='bbox 129 2412 262 2469; x_wconf 89' lang='lat' dir='ltr'>acceptione</span> <span class='ocrx_word' id='word_1_276' title='bbox 273 2412 302 2454; x_wconf 86' lang='lat' dir='ltr'>&#39;in</span> <span class='ocrx_word' id='word_1_277' title='bbox 317 2411 394 2468; x_wconf 87' lang='lat' dir='ltr'>capite</span> <span class='ocrx_word' id='word_1_278' title='bbox 410 2414 421 2456; x_wconf 88' lang='lat' dir='ltr'>I</span> <span class='ocrx_word' id='word_1_279' title='bbox 437 2415 530 2456; x_wconf 89' lang='lat' dir='ltr'>nostrae</span> <span class='ocrx_word' id='word_1_280' title='bbox 545 2411 691 2454; x_wconf 85' lang='lat' dir='ltr'>tractationis</span> <span class='ocrx_word' id='word_1_281' title='bbox 707 2414 808 2454; x_wconf 89' lang='lat' dir='ltr'>utemur.</span> 
     </span>
    </p>
   </div>
   <div class='ocr_carea' id='block_1_3' title="bbox 0 0 1044 3413">
    <p class='ocr_par' dir='ltr' id='par_1_4' title="bbox 0 0 1044 3413">
     <span class='ocr_line' id='line_1_30' title="bbox 0 0 1044 3413; baseline 0 0"><span class='ocrx_word' id='word_1_282' title='bbox 0 0 1044 3413; x_wconf 95' lang='lat' dir='ltr'> </span> 
     </span>
    </p>
   </div>
  </div>
 </body>
</html>
