2068 3413
158 140 187 194 36
383 151 553 193 ouansrrouns
570 153 602 183 on
619 152 781 185 consciarum

156 294 435 347 communiter'tenuere;
451 295 492 338 sed
508 308 550 337 nos
566 294 662 338 dicimus
678 310 729 339 eam
745 309 794 339 esse
809 295 888 338 laxam
904 298 926 338 et
942 295 1004 338 licite

157 373 269 429 amplecti
279 387 326 415 non
336 386 409 429 posse,
422 390 430 413 r
442 372 487 429 (Tr.
501 375 519 424 l,
531 387 554 416 n.
566 372 611 429 31).
624 375 687 418 Haec
697 388 750 417 cum
761 374 796 418 ita
806 373 859 425 sint,
872 388 913 417 suo
924 377 1004 417 tamen

157 455 262 508 tempore
283 453 304 495 S.
325 451 456 508 Alphonsus
477 455 558 497 auctor
577 452 646 495 valde
665 452 776 510 benignus
797 452 892 499 habitus
912 456 953 503 est,
974 455 1004 503 et,

157 534 269 586 regnante
280 530 315 573 uti
326 530 426 573 diximus
437 530 544 587 rigidiore
556 530 667 582 doctrina,
679 531 727 574 iure
738 531 834 574 habitus
846 535 880 574 cst
893 545 897 583 ;
908 531 1005 589 ideoque

157 609 388 667 acreanuorundam
409 609 597 666 reprehensiones
618 610 720 666 pertulit,
741 609 865 666 praecipue
892 609 1005 654 Vincentii

158 688 261 731 Patuzzi.
283 690 356 731 Docet
377 687 437 730 enim
457 691 553 730 sanctus
575 690 662 732 Doctor
683 688 714 744 (in
736 702 782 744 quo
803 688 1004 745 probabiliorismo

156 766 280 823 repugnat)
294 780 341 808 non
353 766 443 821 requiri,
457 769 484 809 ut
498 766 550 822 quis
563 770 654 822 partem
667 767 824 823 benigniorem
840 767 1002 823 amplectatur,

156 843 347 900 probabilitatem
359 844 464 888 inriorem
480 859 509 887 ex
524 848 591 901 parte
603 844 724 896 libertatis,
737 846 777 888 sed
791 859 884 902 aequam
899 844 944 901 (vel
958 844 1004 887 iere

156 923 266 980 aequam)
279 923 380 968 sufficere
391 937 395 974 3
409 923 474 966 addit
486 926 574 972 tamen.
587 923 610 965 id
622 926 673 966 tum
684 924 759 966 solum
771 924 855 975 valere,
868 937 921 966 cum
933 923 1004 966 dubia

156 1001 187 1043 sit
199 1001 256 1058 legis
269 1001 401 1052 exsistentia
414 1015 460 1044 non
473 1015 527 1044 cum
539 1001 612 1044 dubia
623 1002 652 1045 sit
665 1002 719 1058 legis
733 1001 835 1045 cessatio:
846 1016 905 1059 quae
915 1001 1004 1046 restric-

156 1079 190 1121 tio
203 1093 250 1122 non
262 1094 290 1123 ex
304 1080 391 1122 intimis
404 1080 539 1136 systematis
551 1079 676 1123 visceribus
691 1080 841 1137 depromitur,
855 1081 895 1123 sed
906 1080 1005 1124 habetur

156 1172 186 1201 ex
196 1159 347 1215 superaddito
358 1158 470 1215 principio
484 1158 652 1215 «possessionis
664 1176 672 1199 i
686 1173 689 1202 :
701 1159 819 1201 meliorem
831 1173 879 1202 esse
891 1158 1003 1201 condicio·
1019 1206 1021 1208 .

155 1250 209 1279 nem
223 1237 369 1294 possidentis.
385 1236 489 1294 Simplici
502 1237 582 1292 itaque
595 1237 759 1293 probabilismo
774 1237 797 1279 in
812 1237 856 1280 hoc
869 1237 1003 1293 praesertim

155 1319 279 1372 repugnat,
297 1315 358 1371 quod
374 1319 442 1372 negat
458 1316 587 1358 seeundum
603 1316 734 1371 opinionem
750 1316 868 1372 cognitam
885 1319 911 1358 ut
927 1315 1002 1357 minus

156 1394 309 1450 probabilem,
327 1394 490 1436 conscientiam
506 1393 569 1436 licite
585 1406 652 1449 posse
668 1394 761 1436 formari
780 1408 784 1436 z
801 1394 880 1445 immo,
897 1393 939 1436 tali
955 1393 1003 1449 opi-

156 1472 220 1514 nioni
233 1486 318 1514 nomen
330 1472 427 1528 denegat
439 1486 508 1515 verae
521 1472 638 1515 solidaeve
650 1472 822 1528 probabilitatis
830 1474 845 1516 1.
859 1475 921 1517 Dum
934 1471 1003 1528 igitur

154 1550 180 1592 in
197 1550 241 1593 hoc
258 1565 311 1593 cum
328 1551 406 1592 schola
423 1550 506 1607 Thyrsi
523 1553 696 1608 ceterorumque
713 1564 807 1592 concors
825 1555 867 1602 est,
885 1550 1001 1595 interdum

154 1642 180 1671 se
199 1628 256 1671 dicit
276 1628 494 1685 probabilioristam.

186 1705 258 1750 Exeo
269 1711 348 1749 tamen
357 1704 460 1763 tempore
471 1720 517 1763 quo
529 1707 550 1750 S.
561 1706 674 1762 Alphonsi
682 1707 788 1752 doctrina
797 1706 820 1748 in
830 1706 913 1749 scholis
923 1706 1002 1756 catho-

118 1830 120 1832 ,
154 1785 203 1828 licis
221 1785 300 1828 florere
314 1785 396 1842 coepit,
407 1789 430 1827 et
443 1800 457 1828 a
471 1784 529 1828 Sede
542 1784 676 1841 Apostolica
687 1789 800 1841 tanquam
815 1799 872 1828 sana
886 1789 908 1828 et
923 1798 1002 1827 secura

155 1917 383 1926 ——-..

181 2000 196 2022 1.
211 2001 218 2019 <r
227 1991 248 2022 lo
258 1990 307 2021 circa
317 1978 335 2021 la
345 1990 440 2032 probabile
450 1992 507 2031 tengo
518 1990 554 2022 due
565 1998 606 2021 cose
616 1999 648 2031 per
658 1992 714 2022 certo.
725 1990 752 2021 La
762 1989 829 2032 prima,
840 1992 906 2022 contro
916 1990 929 2021 il
939 1991 959 2022 P.
970 1991 1000 2027 N..

154 2047 189 2078 che
199 2046 236 2078 ben
245 2046 283 2088 pub
293 2045 369 2087 seguirsi
379 2046 396 2077 la
406 2046 503 2088 probabile
512 2055 547 2088 per
556 2045 574 2076 la
584 2045 657 2084 liberta,
668 2046 742 2088 quando
753 2047 763 2077 e
772 2046 869 2088 probabile
879 2046 1001 2088 egualmente,

154 2112 166 2134 o
177 2111 224 2144 poco
235 2111 303 2133 meno:
319 2102 338 2133 in
349 2102 403 2133 modo
414 2102 448 2133 che
458 2102 487 2133 sia
498 2101 575 2139 dubbio,
587 2110 605 2132 se
616 2102 654 2133 tale
664 2102 750 2144 opinione
761 2101 789 2133 sia
799 2103 923 2143 egualmente,
935 2112 945 2134 o
956 2112 1002 2144 poco

154 2167 210 2189 meno
220 2157 317 2200 probabile
326 2157 374 2189 della
383 2158 482 2196 contraria,
493 2158 527 2189 che
536 2158 566 2188 sta
576 2166 608 2199 per
617 2156 635 2189 la
643 2158 700 2199 legge.
710 2157 756 2189 Dico
767 2157 891 2196 ail'ineontm,
901 2168 911 2189 e
920 2159 937 2190 lo
946 2159 1002 2200 tengo

154 2223 188 2256 per
199 2215 257 2251 certo,
269 2214 303 2245 che
314 2214 389 2255 quando
400 2213 502 2256 l’opinione
513 2222 547 2255 per
558 2213 576 2244 la
587 2212 654 2245 liberta
665 2214 675 2245 e
686 2215 801 2245 certamente
813 2223 867 2246 meno
879 2214 980 2256 probabile,
992 2223 1002 2245 e

155 2269 218 2312 quella
227 2279 260 2312 per
270 2270 288 2301 la
298 2270 349 2311 legge
359 2270 368 2300 e
378 2270 492 2301 certamente
500 2269 533 2312 pili
544 2268 645 2311 probabile.
655 2279 692 2301 non
699 2269 736 2312 pub
746 2269 824 2311 segnirsi
833 2270 933 2313 l'opinione
943 2279 975 2312 per
985 2270 1003 2301 la

154 2324 222 2357 liberta
231 2336 235 2363 ;
244 2325 311 2368 perche
319 2322 393 2367 quando
401 2325 502 2368 l'opinione
509 2334 543 2367 per
550 2325 568 2356 la
576 2325 627 2366 legg-e
634 2325 729 2368 apparisce
736 2327 852 2357 certamente
859 2326 891 2368 piu
899 2326 1000 2368 probabile,

155 2390 212 2423 segno
223 2382 256 2413 che
267 2381 325 2412 allora
336 2381 345 2412 e
355 2380 387 2423 pili
397 2381 494 2423 probabile
505 2380 647 2419 notabilmente‚
659 2390 668 2412 e
678 2390 713 2413 con
723 2390 818 2413 eecesso...
830 2393 836 2411 i
848 2381 914 2424 (Epist.
926 2391 947 2422 25
958 2382 1002 2413 maii

156 2439 207 2479 1767,
217 2438 241 2469 ad
251 2438 271 2469 P.
281 2436 355 2474 Villam.
365 2436 400 2468 vic.
410 2446 450 2478 gen.
461 2437 480 2469 C.
491 2436 522 2469 SS.
533 2437 563 2474 R..
574 2445 630 2478 quarn
639 2436 722 2469 invenias
730 2437 750 2468 in
762 2436 853 2470 Vindiciis
861 2437 1001 2480 Alplonsiam's.

153 2504 172 2535 p.
183 2493 198 2530 Ι,
208 2502 249 2535 cap.
260 2502 276 2530 2,
289 2492 333 2531 §IL
343 2493 378 2525 art.
389 2502 404 2530 2,
416 2497 436 2524 10
445 2493 481 2530 ed„
493 2492 545 2534 1873,
556 2502 574 2534 p.
584 2491 620 2533 63).
631 2492 671 2524 Iam
680 2494 735 2525 antea
746 2503 749 2525 ;
760 2505 767 2522 (ι
776 2493 886 2535 L'opinione
895 2495 1001 2525 veramente
1023 2493 1025 2496 ”

153 2549 252 2591 probabile
263 2550 272 2580 e
284 2549 345 2590 quella
356 2548 440 2586 solaehe
450 2549 476 2580 ha
487 2547 606 2580 fondamenti
616 2547 710 2580 intrinseci
721 2549 743 2581 ed
755 2549 852 2581 estrinseci
863 2549 980 2592 egualmente
990 2559 1002 2581 o

152 2604 208 2647 quasi
220 2605 338 2647 egualmente
350 2604 413 2642 validir
426 2605 460 2636 che
472 2614 511 2636 non
522 2604 547 2635 ha
560 2604 577 2635 la
589 2604 682 2636 contraria
694 2614 726 2647 per
737 2604 755 2636 la
768 2605 826 2646 legge,
839 2606 859 2637 in
871 2606 926 2637 modo
938 2606 971 2637 che
983 2606 1001 2637 la

153 2662 206 2702 legge
216 2660 312 2703 apparisce
322 2661 436 2692 certamente
446 2670 455 2692 e
465 2660 599 2692 strettamente
609 2660 685 2692 dubbia.
695 2673 702 2690 ll
714 2660 802 2702 (Dell'oso
813 2662 902 2694 rnorleroto
912 2661 952 2693 dell'
963 2661 1002 2703 opi-

152 2717 207 2749 etone
216 2716 313 2758 probabile.
325 2717 375 2757 1765,
385 2725 400 2748 c.
409 2716 431 2755 V,
441 2727 459 2749 n.
470 2725 499 2757 25,
509 2716 529 2747 in
541 2715 636 2754 Vindiciis,
646 2727 664 2758 p.
675 2716 689 2754 Ι,
699 2726 714 2748 c.
725 2726 740 2754 2,
753 2716 761 2755 ξ
773 2717 798 2754 ΙΙ,
808 2727 825 2748 a.
837 2727 852 2755 1,
862 2728 880 2759 p.
891 2717 926 2759 57).
937 2718 1001 2755 Locos

152 2773 222 2815 quibus
235 2781 254 2803 se
264 2771 312 2803 dixit
325 2770 502 2814 probabilioristam‚
520 2770 565 2802 vide
577 2770 627 2813 apud
640 2771 682 2803 TER
699 2771 762 2809 Haila.
780 2782 798 2814 p.
808 2780 845 2814 104,
863 2774 902 2804 not.
919 2774 999 2816 (Latere,

153 2829 179 2866 II,
200 2838 218 2860 n,
239 2829 288 2864 818:
310 2828 346 2866 ΠΙ,
363 2836 432 2868 n.315,
445 2828 492 2870 185).
513 2828 556 2859 Non
575 2828 639 2859 tamen
657 2830 731 2860 veretur
748 2828 825 2860 dicere:
846 2829 926 2861 «autori
942 2828 1000 2860 nostri

152 2884 272 2927 probabilisti
282 2896 289 2913 ιι
304 2884 330 2926 (io
343 2887 369 2926 ep.
384 2887 424 2926 stip.
438 2884 494 2921 lond..
510 2892 531 2923 25
546 2883 591 2915 maii
606 2884 656 2926 1767)
671 2893 701 2916 eos
714 2876 824 2926 intellegens
838 2897 845 2915 i
854 2885 886 2927 qui
899 2895 953 2917 usum
961 2885 1000 2928 opi-

152 2940 214 2973 nionis
228 2940 330 2983 probabilis
342 2939 361 2971 in
373 2949 463 2972 concursu
477 2938 570 2982 opinionis
587 2940 695 2972 notabiliter
710 2940 841 2982 probabilioris
858 2951 891 2984 pro
908 2941 946 2983 lege
963 2952 1000 2973 non

152 2996 276 3034 admiserunt,
298 2995 384 3038 quamvis
400 3005 438 3028 non
454 2995 559 3033 docuerint,
581 2994 686 3037 opinionem
702 2999 744 3028 certe
766 2996 911 3039 probabiliorem
929 3007 1001 3040 semper

152 3052 255 3085 notabiliter
267 3051 410 3095 probabiliorem
420 3060 459 3084 esse
469 3063 476 3081 i
489 3050 599 3093 (Vindictae,
611 3061 629 3093 p.
642 3041 659 3090 1‚'
668 3061 684 3084 c.
696 3062 712 3094 4,
727 3051 735 3091 ξ
748 3062 764 3090 1,
776 3062 793 3084 a.
806 3061 822 3092 5,
835 3063 853 3096 p.
868 3053 914 3095 113).
