2068 3413
489 537 592 582 CAPUT
608 539 632 581 ll

279 696 318 741 De
336 696 503 743 Conscientia
516 706 598 752 recta,
613 712 732 754 erronea,
750 699 838 745 dubia.

165 856 187 900 S.
202 855 310 908 Thomas
323 858 357 901 Do
373 856 474 908 Veritatel
491 871 513 913 q.
530 869 564 914 17,
584 872 604 901 a.
621 871 641 909 2,
656 871 677 912 3,
693 870 707 914 4
717 872 722 910 ;
743 865 768 902 1a
782 865 825 911 2³⁸,
841 872 862 915 q.
879 872 914 916 19,
930 873 950 903 a.
967 867 979 912 5

134 937 160 976 et
174 934 202 986 6;
216 948 238 991 q.
253 934 297 990 76;
312 937 345 979 De
357 937 386 980 Μ
387 936 430 987 alo,
444 949 465 994 q.
478 949 500 990 3,
514 950 534 979 a.
548 939 569 982 8.
584 936 746 993 S.Alph0nsus
759 937 788 980 de
800 937 897 994 Ligorio,
913 938 980 982 Theo-

132 1012 195 1069 logr'a
207 1013 304 1064 moralis,
317 1013 331 1057 l.
345 1015 363 1065 I,
376 1017 405 1059 tr.
420 1028 439 1058 1.
451 1014 595 1066 Beaudouin,
609 1015 636 1059 Ο.
650 1016 683 1066 Ρ.,
698 1017 813 1059 Tractatio
825 1016 851 1059 de
863 1016 980 1060 Conscien-

134 1090 173 1142 tia,
189 1105 244 1137 cura
256 1095 279 1135 et
292 1092 369 1136 studio
383 1093 411 1136 R.
425 1095 450 1137 P.
464 1095 491 1137 A.
506 1093 600 1137 Gardeil
612 1093 696 1145 editus,
716 1093 815 1145 Parisiis
830 1107 893 1151 1911,
906 1110 929 1152 p.
945 1107 978 1146 11,

134 1183 185 1229 sqq.
200 1171 273 1222 Frins,
289 1171 310 1215 S.
325 1172 355 1227 J„
368 1174 401 1215 De
414 1172 509 1215 Actibus
521 1171 635 1223 humanis.
649 1175 667 1216 t.
683 1174 737 1217 HI:
753 1174 787 1216 Dc
799 1172 916 1228 lordicando
930 1187 979 1216 con-

131 1247 233 1301 scientia,
251 1233 356 1310 Fripurgi
370 1250 510 1307 Brisgoviae,
529 1263 593 1307 1911,
609 1265 633 1307 p.
651 1250 686 1302 66,
703 1265 753 1310 sqq.
771 1253 899 1303 Praeterea,
917 1251 978 1294 hunc

133 1326 210 1369 locum
227 1328 328 1374 breviter
344 1331 448 1391 tractant
464 1342 544 1372 omnes
561 1329 591 1372 de
607 1343 632 1374 re
648 1329 731 1374 morali
747 1329 877 1387 scriptoresy
892 1344 927 1374 ex.
945 1343 977 1386 gr.

132 1405 273 1458 Lehmkuhl,
290 1407 408 1465 Theologio
422 1407 519 1458 moralis,
535 1411 553 1451 t.
570 1409 605 1459 1¹⁰,
621 1422 661 1464 pp.
677 1420 705 1464 39
719 1411 742 1451 et
757 1422 807 1464 sqq.

534 1555 577 1601 §L

419 1674 454 1711 De
469 1673 611 1711 conscientia
626 1679 691 1711 recta

164 1810 327 1855 Conscientiam
342 1815 422 1855 rectam
437 1811 512 1854 solent
528 1811 652 1868 scriptores
669 1811 767 1856 diffinire
785 1825 790 1854 :
808 1827 817 1851 <r
827 1825 886 1870 quae
902 1811 977 1854 dictat

130 1902 214 1933 verum
226 1907 241 1941 »y
262 1889 300 1933 vel
321 1906 330 1930 l
344 1890 408 1932 cuius
428 1890 547 1933 dictamen
568 1903 621 1932 cum
641 1889 741 1932 veritate
762 1876 887 1932 concordat
903 1906 918 1940 o,
941 1887 978 1932 vel

134 1983 143 2007 α
153 1982 214 2027 quae
222 1968 358 2025 pronuntiat
367 1968 434 2019 dere,
443 1968 522 2025 prouti
530 1982 554 2013 re
562 1968 614 2024 ipsa
622 1982 646 2010 se
655 1968 726 2011 habet
737 1985 752 2011 o.
768 1966 842 2010 Iidem
851 1981 963 2011 erroneam
972 1981 976 2011 t

132 2060 212 2102 «quae
231 2047 305 2089 dictat
324 2047 409 2089 falsum
428 2050 454 2089 ut
474 2060 582 2097 verum»,
605 2046 688 2089 «cuius
708 2046 826 2089 dictamen
846 2060 859 2088 a
877 2046 976 2090 veritate

132 2125 250 2170 discordat
261 2142 277 2176 oy
291 2126 329 2168 vel
343 2142 352 2165 n
362 2140 420 2184 quae
433 2109 508 2168 dictat
522 2125 630 2181 opposito
644 2125 714 2167 modo
729 2127 799 2182 atque
812 2138 836 2170 re
849 2124 901 2181 ipsa
914 2127 949 2167 est
960 2141 975 2168 o.

131 2204 197 2247 Haec
208 2203 242 2246 ita
253 2203 277 2247 in
288 2217 312 2246 se
322 2204 455 2247 immediate
466 2203 590 2260 perspicua
600 2205 662 2254 sunt,
675 2203 756 2245 statim
767 2206 794 2245 ut
806 2217 835 2245 ex
845 2202 872 2245 iis
883 2202 976 2259 procedi

131 2282 205 2338 possit
228 2282 258 2325 ad
279 2282 392 2339 principia
414 2282 519 2339 practica
540 2268 667 2324 statuenda
681 2282 710 2324 de
725 2281 846 2339 utriusque
861 2280 976 2323 conscien-

129 2360 179 2403 tiae
196 2359 220 2402 vi
236 2360 360 2417 obligante.

162 2438 222 2496 Quia
234 2442 313 2482 tamen
326 2439 394 2482 alicui
406 2439 505 2482 dubium
518 2452 567 2481 esse
580 2440 666 2494 potest,
681 2438 737 2494 quid
749 2437 891 2494 significetur
903 2436 976 2480 nomi-

129 2530 161 2559 ne
178 2516 245 2560 huius
264 2534 273 2557 n
282 2518 314 2560 rei
325 2534 334 2558 o
350 2517 503 2560 conscientiae
520 2516 685 2559 rectitudinem
702 2516 863 2567 mensurantis,
881 2515 975 2572 perinde

129 2609 159 2637 ac
170 2595 189 2637 si
201 2599 260 2639 esset
272 2596 382 2639 iudicium
394 2595 547 2638 conscientiae
558 2595 587 2638 de
599 2609 623 2637 re
634 2594 775 2637 subsistente
787 2597 853 2640 extra
865 2594 973 2644 animam,

128 2674 190 2716 sicut
204 2675 336 2717 substantia
348 2674 471 2731 corporalis
485 2673 577 2716 exsistit
590 2676 657 2717 extra
669 2687 752 2729 corpus
766 2672 880 2715 individui
893 2686 975 2729 cogno-

128 2752 232 2804 scentis;
248 2753 286 2795 vel
302 2753 356 2811 quia
371 2753 400 2795 de
417 2752 555 2795 «veritate»
571 2751 669 2794 actionis
685 2751 759 2794 simile
774 2751 872 2794 dubium
887 2750 975 2795 moveri

130 2834 216 2887 potest,
234 2835 329 2888 propter
347 2846 374 2874 ea
391 2845 450 2887 quae
467 2844 538 2887 supra
555 2830 620 2873 dicta
636 2833 691 2872 sunt
709 2830 738 2872 de
755 2829 933 2886 particulatione
951 2831 973 2871 et

131 2910 323 2954 determinatione
350 2910 405 2966 legis
433 2908 546 2953 naturalis
575 2908 703 2951 secundum
731 2907 876 2950 condiciones
896 2907 974 2950 unius-

128 2988 242 3044 cuiusque
257 2988 361 3039 subiecti,
377 2987 571 3031 considerandum
587 2990 635 3039 est,¹
646 2986 795 3030 Aristotelem
811 2985 918 3028 subtilius
934 2984 974 3036 ali-

128 3066 186 3122 quid
202 3067 334 3123 pervidisse,
351 3080 404 3109 eum
419 3066 544 3111 veritatem
560 3065 656 3121 rationis
671 3064 787 3121 practicae
803 3064 910 3107 diffinivit
926 3077 973 3106 non
