1948 3333
305 79 338 111 DE
354 78 517 111 CONSCIENTIA
533 78 611 110 DUBIA
851 74 881 119 25

35 223 162 272 formaliter
174 222 197 265 in
210 235 286 273 causay
296 234 326 264 sc.
337 219 361 263 in
373 234 447 266 errore
459 219 590 265 voluntarie
604 222 673 262 antea
685 232 731 261 non
744 232 847 270 excussoy
855 216 881 261 in

35 318 80 362 quo
92 302 184 347 futurae
197 300 305 351 actionesy
318 298 421 355 adeoque
433 298 504 342 etiarn
515 312 631 355 praesens,
644 297 673 340 de
685 311 731 353 qua
743 297 825 354 agitur]
838 295 881 340 ali-

34 396 79 440 quo
90 380 160 425 modo
172 379 196 438 in
208 377 433 437 conlusopraevisae
444 379 506 421 sunt.
519 394 528 418 r
541 375 690 433 (Lehmkuhl,
703 379 738 433 op.
751 375 794 427 cit.y
806 390 829 420 n.
842 383 878 432 45,

33 476 55 518 p.
68 459 113 516 42).
127 460 165 502 Ex
176 458 220 500 hoc
232 457 345 500 rationem
356 455 363 499 i
381 454 469 512 tellegis
482 469 522 500 cur
534 455 558 498 in
570 469 614 498 usu
626 454 755 511 theologico
768 469 829 500 error
840 455 880 498 vel

32 536 163 595 ignorantia
173 534 311 579 invincibilis
321 534 383 579 idem
392 534 480 591 passim
490 531 568 577 valeat
580 537 651 590 atque
662 532 813 590 inculpabilis.
826 534 878 578 Etsi

32 616 93 660 enim
107 615 205 660 tortasse
219 614 263 656 luit
278 612 399 671 culpabilis
414 612 438 655 in
452 627 529 664 causa,
545 611 606 655 actio
620 615 700 655 tamen
714 611 834 668 singularis
849 614 878 656 de

34 708 80 751 qua
95 692 207 736 iudicium
223 691 376 735 conscientiae
392 691 472 742 fertur,
489 705 532 734 nec
548 689 708 735 voluntarium
724 704 766 733 nee
783 690 878 748 culpam

33 775 100 828 auget
113 771 161 814 ullo
173 771 249 814 modo.
264 772 329 827 Ipsas
341 772 420 813 tamen
432 783 517 813 vocum
529 769 635 812 notiones
647 782 723 825 presse
736 768 878 826 accipiendo

32 849 163 907 ignorantia
180 849 319 892 invincibilis
338 848 387 899 erit,
407 848 472 891 cuius
491 847 623 891 sablolioois
641 846 780 904 principium
797 847 822 891 in
839 862 877 892 me

31 941 93 971 nunc
105 941 152 970 non
166 931 202 979 est
216 931 242 970 ut
255 942 325 984 supra
338 927 426 970 dictum
439 930 474 970 est
485 941 490 979 ;
503 924 650 983 inculpabilis
663 939 724 976 vero,
739 925 803 969 cuius
816 926 878 984 posi-

32 1006 100 1050 tionis
114 1005 255 1062 principium
270 1006 294 1049 in
309 1019 346 1048 me
361 1019 407 1048 non
423 1004 473 1060 foti.
491 1004 627 1061 Ignorantia
643 1008 721 1047 autem
736 1004 876 1048 invincibilis

31 1084 68 1127 hic
85 1087 107 1127 et
125 1098 193 1135 nunc,
211 1087 234 1127 et
250 1084 302 1127 ideo
319 1097 430 1126 excusans
448 1098 462 1126 a
477 1097 540 1126 nova
556 1083 632 1139 culpa
650 1096 697 1125 non
713 1083 830 1135 continuo,
848 1087 875 1127 ut

30 1166 103 1219 patet,
118 1166 213 1205 excusat
228 1176 241 1205 a
253 1176 315 1206 nova
327 1160 466 1219 obligatione
482 1161 525 1218 (ex.
539 1175 571 1218 gr.
585 1160 747 1218 restitutionis)
761 1161 780 1205 si
793 1161 837 1205 fuit
850 1162 876 1205 in

30 1255 73 1283 sua
90 1254 160 1283 causa
177 1240 305 1297 culpabilis.
547 1242 548 1248 ’

61 1318 141 1362 Omnis
151 1318 282 1375 ignorantia
291 1316 430 1379 invincibilis
440 1318 529 1370 stricta,
540 1332 594 1361 curn
604 1318 675 1361 homo
685 1318 812 1361 secundum
822 1333 876 1362 eam

31 1396 85 1453 agity
97 1400 132 1439 est
144 1410 197 1440 cum
208 1411 288 1448 errore,
302 1395 356 1454 quia
366 1396 435 1440 homo
447 1411 494 1439 non
504 1399 599 1439 tantum
610 1395 682 1440 nescit
694 1410 717 1439 se
728 1397 821 1449 nescire,
833 1397 874 1440 sed

30 1474 116 1517 iudicat
133 1488 157 1517 se
173 1475 229 1518 satis
245 1476 301 1520 scire
317 1489 344 1518 ea
360 1489 419 1533 quae
434 1475 552 1532 pertinent
569 1475 599 1518 ad
617 1474 731 1518 actionem
747 1473 875 1532 prudenter

29 1540 168 1608 ponendam.

427 1701 470 1747 §3-

192 1819 227 1855 De
242 1818 382 1856 conscientia
399 1818 477 1865 dubia,
493 1818 638 1866 scrupulosa,
652 1818 705 1856 laxa

58 1948 152 2004 Proprie
162 1949 284 2008 loquendo,
297 1935 430 1994 couscientia
440 1950 510 1995 dubio
520 1951 586 1994 nulla
595 1954 638 1995 est.
650 1951 746 1995 Dictum
757 1954 791 1994 est
803 1952 872 2003 enim,

28 2022 192 2070 conscientiam
210 2042 258 2072 esse
276 2029 456 2086 applicationem
473 2029 582 2072 scientiae
600 2031 630 2073 ad
648 2033 734 2073 actum.
753 2031 830 2081 Porro,
848 2021 874 2072 in

28 2102 105 2155 dubio,
119 2105 216 2149 scientia
228 2111 329 2158 nonest,
343 2121 395 2164 ergo
408 2121 455 2150 non
468 2106 608 2165 applicatur.
623 2108 780 2152 Communiter
792 2112 873 2152 tamen

27 2180 112 2224 dicitur
123 2184 263 2228 conscientia
273 2185 351 2237 dubia,
363 2185 387 2227 in
397 2186 531 2237 moralibus,
544 2186 665 2243 dispositio
677 2186 760 2229 mentis
772 2187 819 2230 eius
832 2187 872 2246 qui

29 2261 167 2316 «suspendit
183 2276 301 2307 assensum
315 2277 357 2321 pro
372 2267 470 2322 utraque
489 2268 558 2322 parte
578 2254 650 2315 dubii,
667 2268 816 2323 remanetque
832 2280 873 2308 an-

26 2349 80 2393 ceps
96 2342 119 2381 et
137 2339 282 2386 haesitans...
300 2342 403 2396 Dubium
419 2356 502 2387 vero...
520 2343 656 2400 negativum
672 2346 714 2394 est,
732 2344 825 2402 quando
842 2358 873 2387 ex
890 2395 891 2398 Ἰ

27 2418 109 2460 neutra
126 2422 193 2473 parte
212 2423 334 2466 occurrunt
351 2420 452 2465 rationes
470 2421 610 2478 probabilesy
629 2422 670 2464 sed
687 2425 781 2464 tanturn
799 2423 870 2466 leves.

27 2492 156 2539 Positivum
173 2501 214 2548 est,
232 2499 325 2554 quando
340 2512 382 2555 pro
398 2502 497 2557 utraque
513 2503 587 2556 parte,
604 2501 643 2544 vel
658 2501 741 2544 saltem
757 2514 798 2557 pro
815 2515 869 2550 una,

26 2570 91 2613 adest
107 2587 176 2629 grave
191 2577 355 2621 motivum...»
372 2576 402 2634 (S.
417 2576 559 2635 Alphonsus,
576 2578 589 2622 l.
606 2593 632 2629 c.,
647 2582 676 2621 tr.
693 2579 711 2629 l,
727 2592 749 2621 n.
766 2578 810 2635 20).
827 2580 871 2622 Lo-

26 2652 122 2702 quentes
133 2652 161 2695 de
172 2655 312 2698 conscientia
321 2655 399 2707 dubia!
409 2656 485 2701 solum
495 2656 668 2702 consideramus
678 2656 775 2700 dubium
785 2657 870 2714 practi-

26 2737 85 2778 cum,
99 2743 144 2786 quo
156 2745 239 2789 nempe
251 2734 332 2777 dubito
344 2734 372 2777 de
384 2734 506 2778 honestate
518 2735 615 2778 actionis
627 2734 772 2792 particularis
783 2750 871 2792 ponen-

26 2802 76 2848 dae.
92 2808 127 2850 De
142 2823 188 2867 quo
203 2812 323 2867 sequentia
336 2815 473 2857 statuuntur
489 2826 493 2856 :

56 2960 74 3003 I.
94 2962 219 3020 Nunquam
244 2968 296 3011 licet
316 2982 380 3023 agere
398 2982 451 3012 curn
469 2969 610 3013 conscientia
628 2969 706 3013 dubia.
722 2971 789 3021 Nam,
808 2970 869 3013 sicut
