1948 3333
211 143 363 176 ARGUMENTA
379 142 688 185 AEQUIPROBABILISTARUM
843 143 873 187 47

26 301 124 345 cumque
133 286 171 331 lex
181 288 244 330 certa
252 291 299 328 non
308 284 338 327 sit
351 284 421 342 (certa
431 288 510 328 autem
520 288 555 328 est
565 285 684 331 moraliter
693 283 733 328 illa
743 284 781 327 lex
790 287 873 329 contra

26 381 96 426 quam
107 378 154 407 non
165 363 250 407 militat
261 363 305 407 nisi
316 363 392 407 tenuis
403 363 575 421 probabilitas),
587 367 644 407 tunc
655 363 788 407 libertatem
800 363 873 419 possi-

26 449 86 492 dere.
102 443 153 488 Etsi
166 442 205 487 illo
220 443 290 488 verbo
304 457 351 485 non
364 441 471 488 lubenter
485 445 591 494 utuntur,
607 456 661 485 cum
675 442 754 485 dicant
769 455 872 484 commu-

26 526 91 575 niter,
100 521 183 567 iniuria
191 521 311 565 assimilari
319 522 393 578 legem
402 524 424 564 et
435 520 569 565 libertatem
576 521 667 564 duobus
677 519 872 564 contendentibus

26 606 49 647 in
63 600 159 645 iustitia.

421 747 464 794 §4-

232 865 375 912 Argumenta
389 864 671 912 ffiquiprobabilistarum

55 1002 184 1060 Suppositis
196 1002 285 1046 duabus
297 1002 417 1046 sententiis
430 1017 529 1059 quarum
542 1002 616 1047 altera
626 987 671 1059 legi
683 1002 756 1045 altera
767 1002 869 1047 libertati

28 1100 36 1123 u
45 1083 123 1125 faveat
134 1098 150 1132 u,
164 1081 244 1124 dieunt
258 1081 493 1138 aequiprobabilistae
509 1095 513 1125 :
528 1080 549 1137 r)
564 1095 611 1123 non
624 1081 690 1126 licere
703 1081 768 1137 sequi
782 1081 871 1138 opinio-

26 1174 77 1204 nem
89 1159 165 1202 minus
177 1160 320 1217 probabilem
332 1173 373 1217 pro
384 1160 499 1211 libertate,
518 1158 599 1204 relicta
611 1159 745 1205 notabiliter
756 1174 796 1203 seu
808 1163 869 1204 certe

26 1237 179 1296 probabiliore
190 1252 231 1294 pro
243 1238 291 1295 lege
302 1252 307 1290 ;
319 1238 341 1295 a)
354 1238 460 1281 indubio
473 1239 501 1281 de
514 1238 642 1282 exsistentia
652 1238 715 1295 legis]
727 1238 794 1282 licere
805 1237 870 1294 sequi

26 1317 156 1374 opinionem
172 1316 315 1373 probabilem
330 1330 371 1373 pro
387 1316 502 1368 libertate,
519 1314 600 1361 relicta
616 1331 688 1376 aeque
703 1316 818 1373 probabili
833 1316 871 1359 vel

27 1395 95 1452 paulo
109 1394 261 1451 probabiliore
274 1408 315 1452 pro
328 1395 377 1451 lege
388 1408 393 1446 ;
406 1394 427 1451 3]
442 1394 467 1437 in
479 1394 551 1438 dubio
564 1394 622 1437 iacti
634 1396 663 1438 de
676 1395 794 1438 cessatione
806 1394 868 1451 legis,

28 1487 73 1516 non
83 1473 149 1518 licere
159 1473 223 1528 sequi
233 1473 364 1530 opinionem
374 1473 519 1529 probabilem
528 1487 570 1529 pro
581 1474 695 1525 libertate,
707 1473 787 1517 relicta
798 1487 870 1529 aeque

28 1550 149 1608 probabili
167 1551 253 1595 nedum
270 1551 429 1609 probabiliore,
448 1565 490 1608 pro
508 1552 564 1607 lege.

56 1629 157 1675 Primam
171 1632 261 1687 partem
275 1630 311 1672 sui
324 1631 458 1687 systematis
473 1632 581 1687 probant,
597 1633 623 1673 ut
638 1630 811 1687 supradictum
826 1634 868 1682 est,

25 1707 105 1751 iisdem
115 1708 254 1765 argumentis
259 1708 342 1764 quibus
351 1711 449 1754 utuntur
457 1708 791 1766 probabilioristae,praecipue
799 1708 870 1753 ratio‘

25 1784 92 1829 nibus
105 1799 182 1843 supra,
197 1801 219 1842 p.
231 1798 266 1842 41,
282 1787 325 1830 sub
336 1800 399 1830 num.
412 1788 448 1830 ΙΠ
460 1789 483 1829 et
501 1789 534 1832 IV
545 1787 628 1838 allatis,
641 1802 692 1830 eam
702 1790 782 1830 tamen
792 1801 868 1832 rerum
926 1774 928 1777 ¹

25 1864 181 1907 condicionem
198 1864 357 1921 intellegendo,
376 1879 422 1923 qua
439 1878 546 1908 excessus
563 1866 737 1922 probabilitatis
754 1866 784 1908 sit
802 1869 868 1908 nota-

25 1941 76 1984 bilis
86 1956 126 1985 seu
135 1946 218 1988 certus
229 1942 319 2000 Negant
329 1943 390 1986 enim
399 1944 472 2000 legem
482 1946 538 1986 tunc
548 1957 597 1987 esse
606 1958 660 1988 vere
669 1944 772 1988 dubiam.
783 1945 868 1987 Exces-

25 2032 75 2062 sum
92 2025 172 2065 certum
186 2021 356 2078 probabilitatis
372 2022 452 2064 dicunt
469 2036 518 2065 esse
533 2036 625 2079 semper
640 2022 712 2065 etiam
728 2022 867 2066 notabilem:

25 2110 89 2141 secus
105 2099 166 2141 enim
182 2113 228 2142 non
243 2103 305 2143 certo
322 2103 443 2157 appareret
451 2102 465 2143 1.

54 2177 133 2221 Altera
147 2181 224 2220 autem
238 2182 260 2221 et
274 2179 344 2223 tertia
355 2192 409 2235 pars
422 2178 558 2236 systematis
571 2179 603 2222 sic
617 2179 769 2236 explicantur.
785 2180 868 2222 Conce-

25 2253 94 2306 ditur,
112 2256 185 2313 legem
202 2257 298 2300 dubiam
315 2271 361 2299 non
378 2271 445 2313 posse
463 2261 552 2302 certam
569 2257 677 2302 inducere
695 2258 867 2314 obligationem.

27 2331 70 2374 Sed
80 2348 126 2376 non
137 2334 245 2378 continuo
256 2336 331 2386 datur,
343 2349 372 2378 ex
381 2339 503 2393 perspecta
513 2335 634 2379 dubietate
644 2337 706 2393 legis,
719 2336 798 2380 haberi
808 2337 869 2379 solu-

25 2408 112 2454 tionem
131 2413 160 2456 ab
179 2413 242 2456 omni
259 2412 406 2470 obligatione,
425 2415 485 2457 sicut
503 2414 586 2458 volunt
605 2415 778 2471 probabilistae,
798 2416 867 2466 Nam!

25 2491 151 2533 seeundum
176 2491 415 2548 aequiprobabilistas,
441 2493 647 2548 quemadmodum
673 2494 766 2549 quando
791 2493 869 2550 opinio

24 2566 96 2612 tutior
108 2572 142 2611 est
154 2573 216 2615 certo
228 2570 374 2626 probabilior,
387 2571 489 2627 exsurgit
501 2571 612 2627 obligatio
625 2575 695 2623 certa,
707 2585 751 2628 ope
762 2571 869 2628 principii

24 2643 109 2698 reflexi,
118 2649 260 2704 sequendum
267 2649 291 2692 in
299 2649 400 2692 obscuris
409 2650 471 2705 quod
479 2653 514 2692 est
522 2649 667 2694 verisimilius
678 2650 719 2706 (cir
725 2650 868 2701 Beaudouin,

26 2745 241 2759 Ἣ

49 2805 63 2829 1.
78 2798 109 2831 Cir
116 2800 133 2833 S<
141 2802 269 2842 Arniensem,
278 2803 320 2836 locis
327 2807 383 2847 supra
390 2804 425 2843 cir,
432 2804 476 2847 p.36
483 2804 503 2837 in
509 2804 582 2843 adnot.;
590 2804 648 2836 etiam
654 2804 673 2837 in
679 2804 740 2847 Epist.
748 2805 758 2836 8
766 2807 856 2847 aug.1769
864 2813 868 2837 z

28 2861 34 2878 r
44 2851 90 2887 Dico
103 2855 182 2898 rigidam
195 2859 306 2901 opinionem,
320 2860 395 2902 quando
408 2862 457 2892 certe
470 2860 586 2903 probabilior
598 2861 632 2898 est,
647 2871 683 2893 uno
696 2860 740 2892 licet
752 2861 816 2903 gradu,
830 2870 870 2893 esse

24 2906 81 2940 etiarn
90 2913 199 2946 notabiliter
207 2915 355 2957 probabiliorem¹
366 2915 410 2958 quia
419 2916 455 2948 ista
464 2915 558 2948 certitudo
568 2916 643 2949 maioris
652 2916 791 2959 probabilitatis
800 2918 869 2959 probat

24 2969 66 2995 eam
80 2975 119 2999 esse
133 2969 180 3002 adeo
194 2971 375 3014 praeponderantem
389 2974 411 3004 ut
425 2972 506 3004 sufficiat
520 2972 545 3005 ad
559 2972 695 3005 inflectendum
701 2972 786 3011 lancem;
801 2974 820 3004 et
827 2973 870 3006 ideo

25 3025 85 3052 assero
95 3025 208 3058 sententiam
218 3029 267 3059 certe
276 3027 421 3070 probabiliorem
430 3029 509 3061 eandem
519 3037 558 3060 esse
568 3038 590 3060 ac
599 3028 709 3061 notabiliter
718 3028 869 3071 probabiliorem,

25 3074 77 3115 quia,
90 3078 104 3110 si
117 3081 204 3114 notabilis
216 3093 253 3116 non
264 3084 312 3116 esset
324 3093 414 3123 excessus,
426 3094 465 3117 non
476 3085 539 3128 posset
551 3084 646 3117 inflectere
657 3085 753 3117 lancem.»
