1948 3333
308 99 340 130 DE
357 98 483 131 SENSITIVO
501 98 526 130 IN
543 98 661 130 OPINIONE
872 98 900 145 59

51 242 110 285 lium
122 241 258 297 plerumque
270 240 397 297 opinative,
410 254 456 283 non
467 243 531 283 certa
545 254 548 284 t
561 240 695 283 conceditur
707 253 760 283 cum
774 241 795 284 S.
809 240 900 283 Thoma

51 304 203 364 difficiliorem
215 333 264 362 esse
276 319 341 362 nobis
354 319 377 362 in
389 319 433 362 illis
445 320 513 362 rebus
525 319 679 376 cognitionem
691 323 779 361 certam
793 333 863 375 quam
875 319 900 361 in

52 398 150 442 scientia
169 398 342 449 mathematica,
364 397 402 441 vel
422 398 529 449 naturali,
552 412 611 454 quae
632 397 775 460 erperientia
795 397 898 440 sensibili

53 478 165 528 nitantur,
179 480 202 520 et
214 476 265 520 ideo
280 491 348 533 saepe
361 490 402 519 nos
411 476 471 519 circa
481 477 537 520 haec
548 476 571 519 in
580 490 643 520 mera
652 476 786 532 opinatione
795 490 898 520 remane-

52 571 77 599 re
88 555 243 613 ;phantasma
255 555 322 606 enirn,
332 556 394 613 quod
407 555 430 597 in
441 555 504 598 omni
514 559 594 600 nostra
605 555 760 598 intellectione
772 556 899 600 necessario

53 634 121 685 adsit,
144 634 168 676 in
188 633 359 676 mathematicis
381 638 404 677 et
426 634 526 691 physicis
547 635 662 691 prodesse,
685 634 709 675 in
731 633 898 691 metaphysicis

51 713 131 770 potius
143 713 229 763 obesse,
243 712 290 755 sive
303 712 332 755 ad
346 712 508 768 acquirendam
520 712 691 763 certitudinem,
704 713 753 755 sive
766 712 796 755 ad
808 726 899 755 conser-

52 792 177 835 vandam1.
197 791 240 842 Sed
255 790 298 833 hoc
312 791 412 834 ostendit
430 792 543 836 rationem
557 791 634 836 curin
648 791 815 847 metaphysicis
829 804 899 847 saepe

52 870 181 927 opinemur,
193 883 240 912 non
251 873 356 925 exparte
368 869 451 912 obiecti
462 870 566 921 residere,
578 870 619 913 sed
631 884 659 912 ex
670 873 738 926 parte
749 869 899 925 imperfectae

53 947 193 992 extensionis
209 947 306 991 subiecti
322 948 351 991 ad
367 948 491 991 obiectum.
509 938 578 992 Nullo
594 948 664 991 modo
680 947 751 1004 igitur
766 948 812 991 dici
828 948 898 991 debet

53 1041 88 1071 res
104 1026 269 1078 immaterialis,
287 1027 403 1069 obiectum
419 1027 537 1083 proprium
553 1030 575 1070 et
592 1031 806 1069 commensuratum
822 1027 899 1083 cogni-

53 1106 123 1148 tionis
140 1104 280 1161 opinativae,
303 1106 342 1148 sed
360 1105 429 1147 homo
445 1105 585 1162 intellegitur
602 1118 650 1158 esse
667 1105 764 1149 debilior
784 1119 855 1161 quam
872 1109 898 1148 ut

53 1184 222 1240 phantasmata
238 1197 281 1225 sua
298 1183 331 1226 ita
348 1184 487 1234 moderetur,
506 1188 531 1242 ut
550 1184 577 1225 iis
594 1187 709 1239 tanquam
727 1184 795 1226 meris
814 1184 899 1226 instru-

53 1262 229 1307 mentisutatur
241 1262 270 1304 ad
280 1262 461 1305 intellectualem
471 1262 628 1318 operationem
639 1261 798 1311 adiuvandam
812 1276 815 1305 :
827 1262 899 1304 immo

52 1354 122 1396 saepe
139 1339 166 1382 iis
184 1340 276 1383 ducitur
294 1344 316 1382 et
335 1340 441 1391 allicitur,
461 1344 486 1382 ut
504 1341 582 1385 credat
601 1340 631 1382 ad
649 1340 767 1382 obiectum
784 1341 899 1403 pertinere

21 1420 22 1423 ’
55 1419 165 1476 quicquid
179 1432 232 1461 curn
246 1419 292 1461 suis
307 1418 439 1461 subiectivis
453 1418 643 1475 dispositionibus
657 1419 751 1461 videtur
765 1432 898 1469 consonare,

53 1497 148 1560 perinde
159 1510 185 1539 ac
195 1497 214 1539 si
223 1501 282 1540 esset
293 1511 332 1539 ens
342 1510 403 1540 mere
412 1497 524 1548 sensibile,
535 1500 668 1552 careretque
678 1496 803 1542 reflexione
813 1497 900 1540 iudica-

54 1576 107 1619 tiva
123 1576 147 1617 in
164 1589 217 1617 suas
235 1576 462 1631 repraesentationes,

85 1655 112 1697 ld
127 1657 205 1696 autem
218 1650 366 1697 manuducit
381 1654 410 1696 ad
424 1653 610 1710 intellegendum,
626 1654 743 1709 quomodo
758 1654 788 1697 ad
802 1654 900 1711 disposi-

54 1733 142 1775 tionem
164 1732 298 1775 sensitivam
320 1745 453 1776 revocemus
475 1746 569 1774 causam
591 1732 770 1788 specificationis
794 1732 899 1775 omnium
953 1746 956 1771 3

54 1810 196 1867 opinionum,
213 1811 347 1867 signateque
363 1810 497 1866 opinionum
514 1810 544 1853 ad
560 1823 634 1853 mores
651 1811 689 1853 vel
705 1809 765 1867 leges
782 1811 899 1867 pertinen·
930 1848 933 1855 .

53 1889 121 1940 tium,
132 1889 192 1934 circa
203 1902 260 1947 quas
271 1892 305 1931 est
316 1889 413 1951 intentio
424 1889 517 1932 moralis
528 1888 636 1945 theologi.
649 1889 777 1945 Dispositio
788 1889 900 1932 sensitiva

54 1967 91 2010 hic
105 1967 227 2024 praecipue
240 1967 380 2023 intellegitur
394 1967 560 2024 praeoccupatio
574 1967 650 2024 aliquo
664 1968 762 2024 passivo,
778 1982 818 2010 seu
832 1982 899 2024 prae-

52 2045 165 2088 iudicium
179 2045 313 2102 (secundum
325 2045 434 2101 originem
446 2045 509 2088 vocis
522 2045 570 2088 eius
582 2046 631 2088 vim
644 2045 787 2102 accipiendo)
801 2061 830 2089 ex
841 2047 900 2089 indi-

52 2124 130 2167 viduis
145 2124 242 2167 subiecti
257 2123 446 2180 dispositionibus
461 2128 574 2174 exortum,
590 2127 613 2167 et
629 2124 728 2166 efficiens
744 2128 769 2166 ut
785 2128 900 2181 tanquam
952 2131 958 2140 ¹·

52 2216 110 2246 vera
122 2206 250 2259 appareant
263 2206 285 2245 et
299 2201 447 2258 accipiantur,
461 2229 490 2233 —-
501 2216 558 2245 neve
570 2202 666 2246 rationis
679 2202 764 2245 iudicio
777 2203 900 2246 subiician-

54 2284 99 2331 tur,
111 2295 170 2336 quae
180 2281 253 2337 possit
265 2294 383 2323 assensum
393 2280 506 2331 cohibere,
518 2294 717 2336 —quaecumque
728 2295 782 2323 cum
792 2281 901 2324 universa

52 2359 151 2402 subiecti
167 2359 269 2415 empirici
285 2358 435 2415 dispositione
451 2363 579 2415 congruunt
596 2359 620 2401 in
639 2373 720 2415 genere
741 2363 900 2416 repraesenta-

53 2438 152 2481 tionum.
167 2438 246 2481 Omnis
259 2437 319 2480 enirn
332 2438 444 2480 eiusmodi
456 2438 641 2494 praeoccupatio,
655 2438 703 2481 sive
717 2438 746 2480 ad
759 2438 901 2495 complexio-

55 2569 207 2612 apprehenditur.
218 2568 262 2601 Dixi
272 2573 304 2611 por
314 2580 337 2606 so,
349 2568 393 2611 quia
404 2569 443 2600 fieri
454 2571 516 2611 potest
526 2571 548 2601 ut
559 2569 600 2612 quis
611 2570 634 2601 de
644 2569 695 2602 iacto
706 2570 789 2602 sensibili
800 2571 851 2613 quod
861 2570 901 2612 ipse

55 2635 93 2657 non
104 2625 172 2657 viderit
183 2626 244 2657 certus
260 2625 293 2657 fiat
304 2625 412 2657 testimonio
423 2625 505 2657 humano
519 2626 546 2668 (ac
558 2626 617 2657 multo
629 2626 688 2667 magis
699 2626 770 2664 divino,
782 2626 831 2658 sicut
842 2628 870 2658 est
881 2627 901 2659 in

56 2680 106 2722 fide),
117 2681 146 2712 vel
156 2682 177 2712 ut
188 2681 229 2723 quis
239 2690 262 2712 ex
271 2681 338 2713 effectu
349 2680 429 2713 sensibili
439 2681 511 2713 iactum
520 2682 630 2723 contingens
640 2682 691 2723 quod
701 2681 740 2714 eius
749 2692 806 2714 causa
816 2682 840 2714 sit
850 2685 901 2714 certo

55 2739 156 2778 cognoscat
169 2746 172 2768 z
184 2737 216 2769 sed
228 2746 251 2769 ne
262 2739 308 2769 tunc
319 2737 395 2779 quidem
406 2739 456 2768 certa
467 2737 548 2779 cognitio
560 2737 605 2769 tacti
617 2737 742 2780 contingentis
754 2740 783 2770 est
794 2748 817 2770 ex
828 2738 901 2770 ratione

55 2802 108 2835 pura.

82 2857 96 2881 1.
111 2848 141 2880 Cir
150 2849 167 2881 S.
176 2848 268 2887 Tnonmrr,
278 2849 301 2881 In
310 2848 339 2881 lib.
348 2848 406 2881 Boetii
415 2848 434 2881 do
444 2848 537 2887 Triclinia,
546 2857 563 2891 q.
573 2850 589 2886 6,
598 2859 614 2881 a.
626 2858 640 2887 1,
652 2851 659 2890 §
668 2862 675 2878 κ
684 2850 713 2881 Ad
721 2850 823 2882 secundam
835 2859 901 2893 quaes·

56 2904 127 2936 tionem
137 2916 143 2933 n
155 2915 158 2937 1
171 2916 177 2934 r
187 2914 231 2937 ...ea
242 2905 264 2937 de
275 2904 342 2947 quibus
353 2906 381 2936 est
391 2904 468 2937 scientia
479 2905 548 2943 divina,
560 2907 605 2937 sunt
616 2905 674 2947 magis
686 2916 696 2937 a
707 2906 792 2939 sensibus
802 2908 880 2944 remota,
890 2916 901 2937 a

56 2960 124 3002 quibus
131 2962 195 2993 nostra
201 2961 283 3003 cognitio
289 2962 351 2993 ortum
357 2961 436 2993 sumit...
445 2961 578 2993 Mathematlca
585 2963 649 2994 autem
655 2961 696 3003 ipsa
703 2963 738 2994 sub
744 2972 799 2994 sensu
806 2963 877 2995 cadunt
888 2974 900 2999 v,

53 3018 75 3048 et
84 3025 132 3058 quae
141 3018 245 3059 sequuntur
254 3026 297 3050 cum
305 3017 366 3049 verbis
376 3017 483 3049 Ptolemaei.
