2068 3413
161 148 191 191 44
387 147 558 189 quaestiones
575 148 608 179 na
625 147 787 180 consciarum

192 291 210 334 I.
230 290 278 333 Lex
295 290 367 332 dubia
385 303 432 332 non
450 289 547 347 obligat.
561 290 646 348 Atqui,
667 290 864 348 quotiescumque,
883 289 1011 334 exsistente

163 368 297 424 quaestione
315 369 343 411 de
361 369 410 411 solo
428 368 491 411 licito
509 369 548 413 vel
565 368 653 420 illicito,
672 373 707 413 est
726 368 803 426 opinio
821 383 874 415 vere
891 368 1009 426 solideque

161 447 287 503 probabilis
302 460 344 504 pro
359 447 474 498 libertate,
490 447 529 491 lex
543 446 616 490 dubia
630 447 728 491 dicenda
742 451 785 491 est.
802 449 862 504 Ergo
876 448 914 493 lex
928 447 953 491 in
967 446 1011 490 tali

162 539 218 568 casu
230 539 277 568 non
286 525 374 582 obligat
379 525 528 573 .—Probatnr
535 526 613 570 iunior.
623 527 672 570 Lex
683 540 730 569 non
741 525 835 583 obligat,
843 526 913 570 immo
921 526 945 569 in
956 529 1012 569 actu

162 605 263 647 secundo
277 607 374 647 nonest
388 605 434 655 lex,
449 619 490 647 seu
504 605 584 661 regula
599 605 717 648 actionum
732 604 878 650 subditorum
892 604 1009 655 directrix‚

164 683 257 741 quando
275 697 326 726 eam
344 682 367 725 in
384 686 463 726 mente
480 698 523 726 sua
540 683 645 739 superior
662 684 793 728 conclusam
810 684 874 727 levet
902 682 936 740 (ut
953 682 1011 726 dicit

163 761 302 819 Lehmkuhl,
323 766 357 819 op.
377 761 421 813 cit,
440 765 458 805 t.
478 764 496 814 l,
515 777 538 805 n.
558 761 602 819 91),
621 763 661 805 sed
679 765 770 819 oportet
788 765 814 805 ut
833 776 860 805 ea
878 776 891 805 a
908 760 1012 805 subditis

162 840 290 883 secundum
312 854 379 883 suam
393 844 513 885 naturam
536 840 695 897 participetur,
720 841 781 896 qnod
806 841 840 892 tit,
863 840 888 883 in
909 839 1012 884 subditis

163 921 260 963 naturae
273 918 445 970 intellectualis,
460 933 514 962 cum
527 918 616 962 subditi
629 918 759 976 percipiunt
772 919 845 975 legem
858 933 914 962 esse.
929 917 1012 976 Atqui,

163 996 204 1054 qui
218 995 312 1040 dubitat
328 996 357 1040 de
372 997 511 1040 exsistentia
526 996 589 1054 legis,
602 1011 648 1040 non
663 997 761 1054 percipit
776 997 849 1054 legem
865 1011 920 1041 esse.
940 998 1011 1054 Ergo,

163 1088 210 1117 non
224 1075 352 1132 adimpleta
365 1075 499 1119 condicione
514 1090 561 1134 qua
573 1073 611 1119 lex
622 1075 643 1118 ei
655 1063 786 1133 applicatur
799 1076 925 1119 secundum
944 1088 1012 1118 suam

163 1156 279 1205 naturam,
291 1154 309 1196 is
319 1154 369 1210 lege
380 1168 427 1196 non
438 1154 564 1211 obligatur,
573 1154 611 1196 lex
621 1154 641 1198 ei
652 1168 698 1197 non
709 1157 743 1197 est
754 1155 798 1199 lex.
809 1154 846 1198 Ad
856 1167 905 1200 rem
916 1154 938 1204 S.
950 1153 1012 1197 Tho-

163 1246 214 1275 mas
235 1245 240 1275 :
261 1231 362 1276 «Nullus
381 1231 468 1289 ligatur
486 1247 528 1290 per
546 1236 698 1289 praeceptum
710 1232 802 1291 aliquod
830 1232 874 1275 nisi
892 1232 1012 1275 mediante

164 1310 260 1368 scientia
273 1309 334 1354 illius
349 1310 468 1368 praecepti
479 1328 488 1352 u
505 1310 546 1367 (Do
563 1310 665 1362 ilaritate,
682 1325 704 1367 q.
722 1323 756 1367 17,
772 1325 792 1355 a.
811 1310 832 1368 3)
845 1325 850 1363 3
864 1314 888 1354 et
901 1310 989 1354 ibidem
1005 1323 1012 1354 t

166 1405 175 1429 u
184 1403 225 1431 nec
239 1403 267 1432 ex
280 1389 375 1446 imperio
390 1389 515 1434 alicuius...
529 1389 617 1433 domini
630 1389 714 1447 ligatur
727 1388 817 1445 aliquis
831 1388 876 1432 nisi
888 1388 1011 1446 imperium

165 1467 266 1524 attingat
281 1468 359 1524 ipsum
374 1468 412 1511 cui
427 1467 571 1523 imperatur;
588 1467 682 1525 attingit
698 1471 776 1511 autem
790 1467 868 1524 ipsum
883 1482 925 1524 per
939 1466 1013 1510 scien-

164 1545 224 1589 tiam
234 1562 249 1589 ».
264 1546 286 1589 S.
299 1546 434 1602 Alphonsus
450 1545 481 1602 (in
496 1562 504 1586 n
512 1544 672 1590 Dissertationo
685 1545 901 1590 scholastico-morali
912 1550 953 1604 pro
966 1560 1012 1589 osio

165 1624 274 1667 moderato
296 1623 411 1681 opinionis
428 1624 555 1681 ‘probabilis
576 1624 601 1668 in
623 1638 729 1668 concurso
749 1624 903 1682 probabilioris
913 1641 929 1676 u,
953 1623 1007 1667 anni

166 1702 230 1759 1755)
249 1716 254 1746 :
271 1702 384 1748 «Certum
399 1706 434 1745 est
450 1704 527 1747 Deum
541 1702 656 1748 libertatis
672 1702 800 1746 dominium
815 1702 902 1745 homini
917 1715 1011 1745 conces-

164 1781 226 1833 sisse,
240 1783 266 1823 ut
280 1794 345 1837 agere
357 1784 436 1838 posset
450 1781 529 1824 omnia
541 1795 600 1838 quae
614 1796 627 1824 a
639 1781 719 1824 divina
730 1781 778 1838 lege
790 1794 837 1824 non
848 1780 1008 1838 prohibentur,

164 1863 191 1902 ut
206 1873 235 1902 ex
248 1859 361 1916 Apostolo
376 1873 390 1902 r
406 1861 464 1911 Coa,
479 1871 500 1916 7,
516 1871 544 1915 37
562 1873 565 1903 :
582 1876 591 1900 l
602 1861 745 1903 Potestatem
760 1863 838 1902 autem
852 1859 940 1903 habens
954 1872 1013 1901 suae

164 1937 300 1981 voluntatis.
312 1955 322 1979 ))
332 1964 362 1970 -
372 1938 481 1985 Probatur
492 1938 572 1981 minor.
586 1937 693 1996 Quandiu
705 1938 770 1981 adest
781 1940 862 1983 contra
871 1937 926 1994 legis
938 1937 1012 1980 exsis-

164 2016 263 2059 tentiam
274 2016 334 2061 ratio
344 2030 398 2061 vere
409 2017 528 2073 solideque
538 2014 672 2073 probabilis,
686 2016 859 2073 qualiscumque
870 2015 1013 2073 supponitur

164 2108 213 2137 esse
224 2108 329 2137 excessus
341 2094 514 2152 probabilitatis
525 2108 568 2152 pro
579 2094 634 2151 legis
646 2094 788 2146 exsistentia,
800 2095 838 2138 lex
848 2097 951 2140 remanet
963 2107 1013 2136 non.

164 2173 232 2224 scita,
246 2187 287 2215 nec
302 2173 438 2230 simpliciter
453 2173 581 2231 percipitur
596 2187 641 2216 esso
656 2172 728 2230 regem,
745 2173 807 2229 quod
822 2172 881 2216 nihil
896 2173 960 2215 aliud
975 2174 1010 2215 est

165 2250 209 2293 nisi
221 2252 294 2308 legem
308 2265 356 2294 esse
370 2252 475 2295 dubiam.

196 2409 227 2451 H.
240 2409 277 2451 Ex
289 2407 371 2464 agendi
382 2408 472 2453 ratione
484 2407 607 2452 Ecclesiae.
620 2408 732 2453 Doctrina
742 2396 907 2465 probabilismi,
919 2407 939 2451 si
950 2407 1013 2450 ialsa

165 2489 208 2537 est,
220 2486 343 2529 laxitatem
354 2486 444 2530 inducit
456 2487 480 2529 in
491 2486 594 2530 moribus
607 2499 654 2528 non
666 2487 742 2542 quoad
755 2487 869 2542 quaedam
880 2489 975 2529 tantum
987 2489 1009 2537 et

166 2578 207 2621 per
223 2564 335 2616 accidens,
351 2566 392 2608 sed
408 2565 486 2621 quoad
502 2564 587 2616 omnia,
604 2578 645 2621 per
659 2578 690 2616 se,
707 2568 729 2608 et
746 2564 812 2621 quasi
826 2564 866 2607 via
881 2567 903 2608 et
912 2564 1008 2615 ratione,

107 2698 109 2703 Α
165 2657 218 2686 cum
232 2643 356 2687 methodum
368 2644 480 2700 praebeat
494 2643 648 2688 universalem
662 2657 708 2699 qua
720 2641 783 2686 vitae
796 2631 935 2686 christianae
948 2643 1013 2699 leges·

166 2722 296 2766 eludantur.
308 2722 388 2778 Atqui,
399 2725 514 2779 repugnat
525 2725 552 2764 ut
563 2721 617 2764 talis
629 2721 709 2765 laxitas
720 2720 857 2777 systomoiioa
867 2722 896 2765 ab
907 2721 1011 2765 Ecclesia

165 2800 282 2851 toleretur,
297 2813 350 2844 cum
363 2800 431 2845 facile
443 2801 518 2857 possit
531 2800 589 2851 tolli,
603 2801 723 2856 multoque
736 2800 808 2857 magis
822 2803 848 2842 ut
862 2800 882 2843 ei
895 2800 1012 2851 faveatur,

166 2883 238 2936 utque
255 2882 384 2935 potestates
402 2879 426 2921 in
444 2878 547 2923 Ecclesia
564 2878 712 2929 constitutae,
731 2893 777 2934 qua
793 2879 858 2930 tales,
877 2877 1012 2922 huiusmodi

165 2957 299 3014 systematis
311 2957 425 3015 principia
437 2961 558 3014 usurpent.
573 2958 649 3008 Porro,
663 2956 765 3001 Ecclesia
777 2957 860 3002 tolerat
872 2956 1013 3014 probabilis-

165 3050 237 3086 mum,
248 3035 319 3077 immo
330 3035 349 3078 ei
360 3035 424 3080 lavet
434 3037 504 3079 modo
514 3036 584 3079 dicto.
596 3037 656 3092 Ergo
666 3035 772 3081 doctrina
781 3035 939 3092 probabilismi
950 3035 1013 3078 falsa.
