2068 3413
131 146 159 189 80
357 160 525 201 QUAESTIONES
542 161 575 192 DE
592 160 752 193 CONSCIENTIA

131 300 210 343 culum
222 300 320 352 laxismi,
333 304 382 344 tam
393 301 489 359 practici
501 316 574 358 quani
585 302 711 353 theoretici,
725 303 803 346 abesse
816 302 976 359 perspiciatur,

132 379 238 431 sufficiet,
258 374 392 422 secundum⁴
403 394 473 437 supra
491 381 616 438 explicata,
636 381 682 424 duo
700 384 819 424 momenta
838 381 977 424 electionum

132 457 280 514 distinguere.
293 460 335 501 Est
346 458 405 501 enim
416 459 497 502 electio
507 445 687 516 probabilitatis,
698 462 733 503 est
743 473 885 516 consequens
896 459 977 503 electio

90 563 91 567 =
133 535 238 579 actionis.
253 538 329 588 Porro,
343 537 366 579 in
379 537 488 581 electione
501 538 681 594 probabilitatis,
695 538 798 595 eligimus
811 552 835 583 re
848 552 910 589 vera,
924 538 977 581 licet

132 615 271 671 plerumque
284 615 402 672 implicite,
417 616 475 659 sicut
490 599 664 673 supradictum
679 620 720 668 est,
735 616 911 674 dispositionem
925 616 979 659 sub-

133 693 243 737 iectivam
257 693 310 737 huic
324 694 482 751 probabilitati
496 695 682 752 respondentem,
698 709 823 754 normaque
838 694 907 738 huius
922 696 979 738 elec-

133 771 203 815 tionis
217 772 306 817 tradita
319 776 360 824 est,
375 776 401 818 ut
415 773 550 824 sentiamus,
566 788 580 816 a
593 773 659 816 nobis
672 774 737 817 indui
750 788 817 831 posse
831 774 919 817 dictam
933 773 979 817 dis-

133 850 281 907 positionem,
294 851 342 894 sine
353 852 401 894 ullo
412 866 483 909 purae
495 852 638 903 intentionis,
652 852 732 908 quain
744 855 820 898 Deum
832 853 927 897 tendere
940 847 978 895 de-

133 929 224 980 bemus,
239 929 377 974 detrimento
394 930 423 987 (p,
438 929 482 987 68).
498 932 536 974 Ex
549 930 593 973 hac
608 944 659 987 ergo
673 935 739 987 parte
751 931 864 974 laxismus
878 930 979 974 excludi-

134 1011 179 1058 tur,
195 1022 249 1050 eum
263 1008 311 1050 solo
326 1022 402 1052 amore
416 1008 526 1054 Veritatis
539 1022 682 1060 moveamur,
697 1009 753 1052 dum
768 1009 907 1066 quaerimus,
923 1022 979 1051 num

134 1086 255 1143 proposita
266 1086 326 1129 actio
337 1086 366 1129 sit
378 1101 392 1129 a
401 1089 450 1131 Deo
460 1086 588 1143 prohibita,
601 1100 630 1130 an
640 1100 693 1130 non.
706 1088 771 1145 Quod
782 1087 801 1130 si
811 1087 978 1145 perspeximus,

134 1165 208 1221 legem
222 1165 260 1207 hie
273 1168 296 1208 et
310 1179 371 1208 nunc
383 1179 430 1208 non
443 1166 552 1222 obligare,
568 1166 642 1211 altera
654 1166 734 1209 electio
747 1165 854 1209 iacienda
867 1168 978 1216 remanet,

136 1243 233 1286 actionis
247 1243 327 1308 ipsius.
342 1244 385 1287 Hic
399 1244 475 1301 igitur,
489 1243 516 1295 si,
532 1258 546 1287 a
558 1244 608 1300 lege
620 1243 721 1300 positiva
734 1244 809 1295 soluti,
824 1244 980 1301 intellegimus

79 1309 81 1311 ¹
135 1321 184 1367 fore
199 1321 323 1379 perfectius
338 1322 357 1364 si
371 1322 438 1365 iuxta
452 1322 476 1365 id
491 1322 555 1378 quod
570 1323 609 1365 lex
623 1322 680 1365 alias
695 1323 765 1373 iubet,
781 1322 902 1379 egerimus,
918 1324 980 1365 reete

136 1400 235 1443 tacimus
251 1400 283 1443 sie
300 1404 392 1457 agentes
410 1415 414 1445 :
431 1400 580 1444 oboedientia
594 1404 675 1444 tamen
689 1401 733 1457 legi
748 1401 772 1443 in
787 1414 858 1444 causa
873 1414 921 1443 non
936 1403 979 1451 est,

135 1478 176 1522 sed
186 1479 333 1535 perfectionis
344 1493 414 1530 amor,
425 1479 516 1530 caritas,
528 1479 566 1523 vel
576 1479 699 1535 quaepiam
710 1479 754 1522 alia
763 1480 846 1524 virtus.
858 1480 961 1535 «Legem
972 1495 981 1519 u

135 1556 216 1614 itaque
228 1557 331 1600 libertati
343 1571 390 1600 esse
402 1557 584 1614 praeferendam,
598 1557 656 1600 nihil
668 1558 730 1600 aliud
742 1557 774 1600 ibi
785 1560 861 1609 sonat,
874 1556 918 1600 nisi
930 1556 980 1600 uni-

136 1635 219 1691 cuique
231 1635 319 1678 homini
330 1636 458 1679 cavendum
469 1649 525 1687 esse,
537 1649 566 1678 ne
577 1635 601 1678 id
613 1636 674 1691 quod
685 1636 728 1678 sibi
739 1635 877 1680 naturaliter
887 1639 980 1692 gratum

136 1714 244 1765 est,'cito
262 1714 347 1757 iudicet
364 1714 408 1757 sibi
426 1715 455 1757 ad
473 1709 590 1771 agendum
608 1714 735 1770 expedirel¹
761 1716 795 1758 Ne
813 1717 893 1757 autem
911 1713 979 1756 citius

136 1791 223 1836 iudicet
236 1793 260 1835 id
274 1792 318 1835 sibi
330 1792 403 1844 licere,
417 1795 513 1835 cautum
527 1795 562 1838 est
575 1792 600 1835 in
613 1792 687 1849 priore
700 1792 838 1835 electionum
851 1794 979 1843 momento,

137 1870 151 1915 i.
166 1885 185 1914 e.
200 1871 224 1913 in
238 1871 290 1915 crisi
301 1871 479 1927 dispositionum
493 1870 682 1922 subiectivarum,
697 1873 723 1914 ut
736 1870 825 1914 dietum
839 1874 882 1913 est.

166 2030 194 2073 V.
205 2028 337 2073 Universim
345 2028 467 2086 loquendo,
477 2028 545 2070 facile
554 2027 578 2069 in
588 2040 673 2072 errores
682 2027 809 2078 inducetur,
821 2027 861 2086 qui
872 2043 880 2067 u
889 2027 963 2083 legem
975 2042 984 2067 >r

138 2110 161 2149 et
178 2106 328 2150 «libertatem
340 2123 348 2147 >r
362 2094 474 2163 tanquam
489 2106 548 2149 duos
563 2105 680 2162 litigantes
695 2106 813 2162 cogitabit,
831 2119 924 2162 quorum
938 2104 984 2148 sint

139 2185 242 2243 oppositu
257 2185 374 2230 commoda.
391 2186 426 2229 Re
441 2184 502 2227 enim
518 2198 581 2235 vera,
597 2183 690 2226 inimica
705 2198 751 2226 non
766 2187 801 2227 est
816 2182 981 2233 lex‘libertati,

138 2264 179 2306 sed
191 2264 270 2320 potius
282 2265 321 2306 lex
333 2267 367 2306 est
380 2263 488 2319 perfectio
502 2263 619 2318 quaedam
631 2262 751 2313 libertatis,
765 2276 904 2319 rursumque
916 2261 983 2304 liber-

86 2358 88 2361 *
138 2346 183 2393 tas,
205 2356 258 2384 curn
277 2343 341 2385 deest
361 2344 511 2399 praeceptum
531 2340 650 2385 exterioris
672 2340 727 2398 legis
753 2340 875 2397 positivae,
895 2341 984 2400 bonum

139 2434 208 2463 suum
220 2420 402 2470 determinando,
415 2419 488 2476 legem
501 2419 606 2474 aliquam
618 2418 662 2461 sibi
673 2418 818 2462 determinat.
834 2419 891 2461 Cum
904 2418 984 2473 itaque

140 2512 203 2541 nova
218 2498 313 2542 advenit
329 2498 428 2554 cognitio
443 2497 463 2540 ei
479 2497 519 2554 qui
536 2500 607 2539 antea
621 2496 649 2539 de
664 2496 712 2553 lege
728 2496 805 2553 aliqua
820 2485 926 2554 positiva
938 2508 985 2538 non

139 2577 273 2629 dubitabat,
285 2580 377 2620 mutato
389 2579 452 2619 statu
463 2574 618 2618 conscientiae
629 2575 768 2618 mutandum
780 2575 852 2618 etiam
864 2578 899 2618 est
911 2574 985 2617 dicta-

74 2712 78 2717 .
139 2670 193 2698 men
204 2657 298 2706 morale,
310 2669 350 2698 seu
361 2654 484 2712 applicatio
500 2654 567 2710 Legis
583 2657 689 2696 aeternae
701 2654 731 2696 ad
741 2653 873 2697 individuas
885 2651 984 2696 subiecti

139 2734 334 2785 circumstantias,
347 2748 420 2790 neque
433 2735 565 2790 perseverat
578 2732 617 2775 lex
628 2732 729 2789 positiva
741 2735 767 2774 ut
780 2731 801 2775 ei
814 2730 942 2789 applicata.
958 2730 986 2773 ld

166 2910 181 2933 1,
195 2900 237 2932 Etsi
246 2901 274 2931 est
282 2900 317 2931 hoc
326 2898 418 2931 monitum
426 2898 445 2930 in
453 2897 517 2930 multis
526 2896 675 2935 saluberrimum,
685 2898 800 2935 nontamen,
809 2897 832 2929 ut
840 2896 901 2938 patet,
911 2894 986 2927 univer-

141 2957 179 2994 sale
191 2955 305 2999 principium
317 2955 399 2987 traderet
411 2953 535 2986 conscientiae
548 2952 664 2991 formandae,
678 2952 710 2995 qui
723 2952 791 2985 diceret
805 2961 809 2984 ε
823 2963 831 2982 u
839 2951 887 2984 Cum
899 2951 923 2984 de
935 2951 987 2982 recto

142 3012 224 3050 dubitas,
234 3012 253 3045 id
263 3012 309 3053 elige
319 3011 368 3054 quod
378 3012 406 3042 est
414 3010 449 3042 tibi
459 3009 560 3042 molestius.
572 3020 579 3038 u
595 3008 678 3041 Advorte
686 3009 721 3040 hoe
731 3018 769 3040 non
777 3007 827 3040 idem
837 3016 877 3040 esse
886 3000 987 3051 praecepto

142 3069 164 3101 de
175 3068 261 3111 eligenda
271 3068 311 3109 lege
323 3077 327 3100 :
338 3067 432 3099 interdum
442 3065 491 3098 enim
502 3074 547 3097 usus
557 3063 690 3097 libertatis'est
701 3064 800 3097 molestior.
