1948 3333
207 100 208 104 ’
275 107 307 138 nn
323 104 487 137 consciarum
502 103 619 136 Eunonen
841 102 869 134 21

24 229 109 301 debita¹
122 249 241 307 diligentia
260 248 290 291 ad
309 246 475 290 inveniendum
494 258 582 296 verum,
604 243 668 295 nihil,
690 244 752 300 quod
771 242 872 287 vereat

24 336 87 378 certo
100 343 142 373 nos
156 327 249 384 obliget,
264 327 325 371 inre
339 323 475 382 detegimus.
489 341 498 365 n
518 324 545 380 (ij
555 337 580 375 c,
595 338 618 380 p.
634 322 663 380 4).
796 335 798 339 ’
813 333 875 368 ,-·=·r³¹

54 413 170 455 Excusare
182 420 196 448 a
206 407 301 463 peccato
313 403 479 447 conscientiam
491 416 610 447 erroneam
622 401 646 444 in
657 415 713 444 casn
725 399 868 459 ignorantiae

24 486 169 537 invincibilis,
183 485 355 528 demonstratur
368 481 488 527 ratiocinio
502 495 555 524 cum
569 480 721 538 praecedente
734 479 853 523 consimili
862 490 875 523 :³

24 567 79 624 quia
99 577 183 620 nempe
204 565 298 605 eatenus
320 560 445 605 incurritur
466 563 596 617 peccatum,
621 562 735 615 quatenus
756 558 873 603 voluntas2

23 644 97 689 tendit
108 643 132 685 in
141 641 229 685 malum
239 641 282 683 sub
292 639 381 684 ratione
391 638 447 681 mali
460 651 465 688 ;
475 652 543 695 porro
554 638 663 681 voluntas
674 651 700 680 eo
711 638 779 680 modo
790 636 865 680 tendit

23 722 188 780 inobiectum,
209 733 254 775 quo
272 718 341 761 modo
360 717 380 760 ei
400 717 429 760 ab
448 717 569 760 intellectu
589 717 684 759 offertur
713 715 758 772 (Cir
778 723 804 762 aa
821 713 872 766 2ae71

23 816 45 857 q.
59 814 92 857 19,
105 814 125 843 a.
137 798 167 855 6).

53 876 210 935 Ignorantiam
225 874 382 918 invincibilem
398 873 449 917 dari
464 887 532 930 posse
548 873 606 916 circa
622 873 659 916 ius
674 872 794 930 positivum
809 871 865 917 drit-

23 972 84 1008 uam.
96 968 193 1015 eamque
204 969 218 997 a
227 956 323 1010 peccato
334 966 451 1004 excusare,
463 952 497 995 ita
508 950 656 1009 perspicuum
667 965 715 994 esse
726 951 872 1004 videtur,.ut=

22 1035 79 1079 serio
88 1048 135 1076 non
143 1033 216 1090 possit
225 1032 249 1074 in
258 1032 356 1075 dubium
365 1030 475 1076 revocari.
487 1030 606 1088 (Veterum
616 1030 761 1087 quorundam
770 1029 872 1076 nomina}

22 1113 62 1171 qui
79 1112 144 1156 aliter
160 1111 256 1154 sensisse
273 1110 381 1153 videntur
407 1112 509 1154 recenset
536 1108 609 1160 Frins,
633 1124 656 1166 p.
683 1109 716 1160 18,
734 1108 812 1165 nr).
825 1108 866 1151 ot-

22 1192 44 1235 S.
62 1190 224 1247 Augustinum,
252 1190 283 1232 Iu
300 1189 416 1236 lectricem,
430 1173 502 1244 uj89
522 1186 574 1251 (PL.
589 1199 664 1237 xxxv,
680 1187 744 1244 1857)
757 1201 761 1238 ;
776 1187 872 1232 §.Tho-'³

21 1282 91 1319 mam,
109 1275 135 1312 2a
151 1275 193 1318 2³0,
210 1281 231 1325 q.
248 1279 282 1318 10„
298 1281 318 1310 a.
338 1279 357 1309 1.

52 1346 185 1400 ignorantia
205 1344 342 1388 invincibilis
364 1344 423 1387 circu
444 1344 510 1401 legera
531 1344 654 1387 aerternae
677 1358 791 1403 quaenam
811 1344 872 1387 esse·

21 1424 101 1482 possit,
113 1424 211 1481 explicat
231 1424 252 1468 S.
263 1423 371 1474 Thomas,
385 1430 410 1465 1a
420 1429 462 1474 ate,
476 1436 497 1478 q.
510 1434 545 1479 94,
558 1437 577 1465 a.
589 1434 604 1478 4
614 1426 637 1465 et
648 1422 668 1465 6.
680 1423 714 1466 A?
718 1422 791 1480 mittit
803 1422 870 1465 enim'

21 1504 94 1558 legem
107 1503 243 1553 naturalem)
258 1515 311 1545 cum
325 1501 395 1546 deleri
408 1514 456 1543 non
469 1501 543 1557 possit
558 1515 571 1543 a
585 1501 691 1544 cordibus
705 1500 825 1544 hominum
836 1500 863 1543 in

20 1580 144 1638 universali
154 1584 268 1637 quantum
282 1580 312 1623 ad
327 1580 402 1636 prima
412 1578 525 1636 principia
535 1579 673 1630 communia,
687 1578 772 1623 aboleri
783 1582 872 1622 tamen

20 1672 87 1715 posse
104 1675 113 1698 a
123 1662 236 1717 quantum
252 1658 282 1701 ad
298 1658 413 1717 quaedam
428 1657 529 1714 propria.
546 1671 605 1713 quae
621 1661 675 1700 sunt
692 1657 757 1717 quasi
773 1658 866 1703 conclu:

20 1735 94 1779 siones
102 1736 267 1793 principiorum
276 1735 434 1779 communium
444 1737 460 1788 ir
471 1752 480 1776 a
490 1739 604 1792 quantum
613 1737 643 1779 ad
651 1739 776 1793 praecepta
783 1750 872 1779 secun-³

19 1814 84 1864 daria
94 1831 110 1865 a,
125 1818 148 1858 et
163 1815 213 1866 hoc,
228 1829 275 1857 non
288 1814 453 1858 tantummodo
467 1817 563 1871 propter
577 1817 697 1871 corruptas
712 1814 872 1871 singularium

19 1891 139 1935 hominum
155 1893 338 1952 consuetudines,
354 1893 402 1944 sed.
418 1893 457 1935 vel
471 1896 567 1949 propter
583 1893 773 1937 consuetudinem
789 1894 867 1936 totius·

20 1971 93 2025 gentis
106 1970 173 2027 (sicut
183 1974 249 2028 patet
260 1985 289 2014 ex
300 1971 405 2027 exemplo
418 1971 480 2027 quod
491 1957 558 2016 atlert
569 1970 682 2015 latrocinii
694 1971 757 2028 apud
769 1973 873 2016 Germa-‘³

19 2047 77 2104 nos),
97 2050 152 2092 «vel
168 2053 262 2106 propter
279 2049 351 2093 malas
369 2049 536 2105 persuasiones,
555 2049 667 2092 eomodo
686 2064 731 2107 quo
749 2050 821 2094 etiam
836 2049 864 2092 in

20 2127 167 2181 speculativis
185 2141 278 2173 errores.
288 2128 425 2184 contingunt
443 2127 503 2172 circa
520 2127 676 2172 conclusiones
694 2128 833 2173 necessarias
844 2145 874 2172 »a

20 2204 87 2247 Unde
98 2206 202 2261 praeberi
213 2206 322 2250 videntur
333 2205 478 2248 condiciones
489 2193 632 2262 ignorantiae
644 2205 790 2250 invincibilis.
803 2189 867 2250 Conss⁴

19 2285 86 2324 sonat
99 2283 203 2340 locuples*
215 2284 363 2341 experientia.
378 2285 439 2328 Nam
453 2284 481 2327 de
495 2284 698 2328 indissolubilitate
711 2285 873 2337 matrimoniis

19 2358 177 2415 singularitate
188 2363 271 2414 uxoris,
283 2362 438 2419 prohibitione
450 2362 558 2405 absoluta
568 2363 725 2406 fornicationis
737 2367 759 2405 et
770 2364 860 2420 peccati

18 2439 109 2483 venerei
126 2438 227 2491 solitarii,
242 2445 294 2491 etc,
310 2440 377 2483 iacile
395 2440 565 2497 disputatorem
582 2442 657 2484 bonae
677 2441 731 2484 fidei
748 2441 859 2493 invenias,

19 2527 87 2569 quem
101 2508 226 2564 difficulter
242 2519 373 2569 convincas,
390 2522 414 2562 et
432 2533 502 2575 quem
518 2518 617 2565 fortasse
634 2519 737 2563 dimittes
753 2504 875 2577 propriae-⁵2}

18 2595 160 2647 persuasioni
177 2596 336 2641 inhaerentem
362 2597 541 2656 credentemque
561 2612 603 2641 nos
624 2613 652 2641 ex
671 2598 747 2655 prisca
766 2602 869 2644 nostrae:
894 2654 895 2660 ἵ

17 2670 134 2716 societatis
148 2675 313 2719 consuetudine
327 2675 384 2718 haec
399 2675 429 2718 ad
438 2676 512 2732 legem
526 2676 656 2721 naturalem
670 2677 784 2739 pertinere
796 2668 872 2737 arbi-‘³

18 2748 81 2792 trari.
97 2751 162 2795 ldem
176 2757 241 2809 patet
257 2768 285 2798 ex
299 2754 419 2810 theologis,
436 2768 536 2810 quorum
551 2754 646 2810 quidam
661 2755 684 2797 in
699 2754 747 2799 iure
762 2737 873 2799 naturae:-

18 2824 192 2873 determinando
207 2832 267 2876 circa
282 2832 438 2875 conclusiones
453 2832 594 2878 necessarias
610 2838 743 2878 erraverunt
761 2833 807 2890 (Cir
816 2839 861 2889 ‘exj'

19 2915 51 2957 gr.
62 2906 195 2965 Denzinger,
206 2910 353 2955 Encbiridr'ou
363 2910 523 2967 Spnrbolorura
536 2924 592 2968 1199
603 2925 608 2963 ;
619 2912 652 2956 cir
661 2911 739 2969 ipsum
750 2909 863 2978 Augusti
868 2951 870 2960 .

16 2992 74 3025 num
92 2981 116 3026 in
134 2985 184 3029 loco
203 2991 259 3031 noto
273 2989 301 3032 de
315 2989 436 3041 adulterio,
457 2990 501 3033 PL.
521 3001 607 3041 xxxiv.
627 3000 690 3046 1254,
709 2993 743 3034 Dr
762 2998 874 3034 servamuru
