1948 3333
221 99 390 132 cousEcrAam
405 98 527 130 mumma
542 97 684 131 uocrruuau
852 96 881 141 79

34 241 145 285 adiuncta
154 256 261 299 respuere
271 256 277 295 ς
288 255 335 285 non
345 244 419 299 potes,
431 240 459 284 de
469 239 546 284 media
555 242 622 283 nocte
633 237 727 290 dubius,
738 237 880 284 breviarium

33 319 80 363 non
95 320 230 364 absolutum
245 335 274 363 ex
289 334 336 364 una
351 324 418 378 parte
432 319 565 378 relinquere,
582 332 611 362 ex
626 317 701 363 altera
715 320 783 375 parte
798 330 879 360 cenam

33 412 129 451 sumere,
144 413 213 443 mane
228 399 448 449 communicaturus,
464 401 507 442 etc.
524 397 599 442 Huius
614 395 744 453 negationis
760 395 820 441 ratio
835 398 878 446 est,

33 476 57 520 in
67 480 147 523 nostra
157 477 280 529 sententia,
292 478 421 535 perspicua.
434 476 494 521 Nam
506 475 548 520 etsi
559 475 624 519 nulla
634 473 757 532 dispositio
768 473 880 518 sensitiva

32 549 150 599 moraliter
159 556 291 600 indifferens
301 556 337 599 ius
347 570 403 613 prae
414 555 463 598 aliis
474 555 544 598 habet
554 557 581 598 ut
591 553 703 597 induatur
714 553 744 596 ad
755 553 877 611 agendum,

34 618 148 692 ataliqua
160 634 215 678 talis
229 633 358 691 dispositio,
373 633 393 677 ei
407 632 483 690 quiin
496 633 583 676 mundo
597 632 706 690 empirico
721 646 787 689 agere
800 632 877 682 debet,

33 713 159 759 necessario
174 715 209 756 est
223 712 348 764 induenda,
363 726 403 756 seu
416 711 516 770 practice
530 711 675 768 acceptanda
690 709 758 767 (sicut
772 710 837 753 nulla
850 723 879 753 ex

32 790 158 834 individuis
178 791 278 835 navibus
299 794 394 848 propter
414 804 444 842 se,
466 789 542 848 aliquo
561 793 642 832 tamen
662 788 729 832 navis
750 787 878 833 necessario

32 869 156 929 requiritur
170 869 201 913 ad
214 869 390 927 navigandum).
406 869 450 928 Qui
463 868 534 926 igitur
547 882 582 912 ex.
597 881 629 924 gr.
644 867 714 910 simul
728 870 877 924 supponeret,

32 947 132 991 mediam
141 952 234 992 noctem
244 949 348 1006 elapsam
357 961 406 991 esse
415 951 438 991 et
447 961 494 991 non
502 947 613 1004 elapsam,
623 946 642 989 is
652 959 676 989 se
685 945 800 1003 empiricis
810 944 878 989 huius

32 1026 105 1071 nostri
117 1026 199 1070 mundi
212 1026 385 1071 condicionibus
399 1026 551 1076 subtraheret,
566 1025 609 1068 sub
623 1024 708 1082 quibus
721 1010 798 1068 multa
810 1023 878 1068 nobis
894 1055 895 1059 η

32 1104 113 1156 officia,
131 1119 145 1148 a
161 1104 205 1150 Dei
223 1105 373 1150 Providentia
389 1104 506 1162 imposita,
523 1107 577 1147 sunt
594 1103 755 1160 persolvenda.

62 1263 101 1307 IV.
115 1264 152 1306 Ex
163 1262 232 1305 dictis
243 1262 342 1319 perspici
353 1265 431 1319 potest
443 1275 514 1319 quarn
523 1261 582 1304 ialso
594 1260 691 1318 quidam
703 1261 876 1318 probabilistae,
929 1264 931 1266 ’

32 1354 90 1397 quos
101 1340 195 1386 videtur
205 1354 261 1383 suae
272 1341 391 1384 doctrinae
402 1341 495 1397 pudere,
508 1339 551 1383 etsi
562 1353 614 1382 eam
622 1339 743 1384 mordicus
755 1339 877 1383 defendere

31 1422 136 1476 pergunt,
142 1419 283 1470 concedant,
294 1418 361 1477 quasi
370 1414 400 1462 ex
408 1421 492 1464 natura
500 1418 532 1461 rei
541 1418 649 1475 coniungi
658 1431 728 1461 usum
737 1417 876 1475 benignioris

31 1497 166 1548 sententiae,
187 1511 241 1540 cum
262 1497 341 1555 aliqua
359 1496 531 1555 imperfectione
550 1496 641 1548 morali,
662 1500 876 1555 consequenterque

31 1574 132 1618 iudicent
143 1589 196 1619 earn
206 1589 255 1619 esse
265 1575 419 1632 periculosam
429 1575 453 1618 in
463 1574 537 1632 praxi.
551 1575 587 1620 Sic
597 1574 671 1626 Frins,
686 1578 720 1633 op.
733 1574 777 1626 cu„
790 1589 813 1618 n.
826 1575 874 1623 188,

31 1667 70 1710 pp.
86 1654 181 1709 182-183
199 1667 203 1697 :
220 1655 300 1697 «Nam
314 1654 357 1697 etsi
374 1653 423 1711 (ait)
438 1653 472 1696 ita
484 1644 525 1711 per
539 1667 563 1697 se
576 1653 630 1697 licet
646 1667 719 1710 agere,
734 1657 875 1697 nontamen

33 1747 42 1772 u
50 1745 90 1788 per
100 1746 124 1774 se
134 1731 188 1775 licet
199 1746 251 1776 eam
262 1732 402 1775 sententiam
412 1732 612 1778 indiscriminatim
623 1731 674 1775 aliis
685 1731 788 1783 suadere,
801 1746 875 1790 neque

33 1810 158 1853 «conducit
170 1810 287 1868 nosipsos
299 1810 452 1854 communiter
464 1814 486 1853 et
499 1810 612 1856 ordinarie
624 1809 659 1853 ita
670 1810 768 1868 operari.
781 1810 875 1854 Etenim

32 1887 90 1931 «illa
104 1888 242 1945 probabilia,
259 1889 303 1932 etsi
319 1889 383 1932 licita
398 1893 459 1940 sunt,
475 1892 529 1932 sunt
545 1892 626 1932 tamen
642 1888 689 1934 lere
704 1888 876 1946 imperfectiora

32 1966 182 2011 «tutioribus.
203 1967 370 2024 Imperfectum
390 1972 474 2018 autern,
495 1971 521 2011 ut
541 1970 618 2024 agant,
639 1967 736 2010 suadere
757 1955 807 2010 aliis
826 1967 874 2011 sine

32 2059 41 2084 u
50 2044 138 2090 ratione
148 2045 277 2096 excusanti,
288 2048 351 2089 certo
361 2045 471 2089 vitiosum
482 2049 516 2089 est
527 2060 532 2098 ;
544 2060 609 2103 agere
619 2059 674 2090 vero
684 2044 737 2103 ipsa
746 2045 794 2089 sine
805 2059 876 2089 causa

32 2123 177 2174 «excusanti,
198 2124 242 2167 etsi
261 2124 290 2167 de
310 2138 334 2167 se
353 2127 475 2180 peccatum
495 2124 588 2180 quidem
608 2137 655 2167 non
674 2127 717 2175 est,
739 2127 774 2167 est
794 2128 875 2168 tamen

32 2216 41 2241 κ
49 2201 152 2245 delectus
165 2202 266 2253 moralis,
279 2201 381 2245 sublatio
393 2203 519 2247 multorum
531 2203 667 2245 meritorum
679 2205 702 2245 et
715 2216 787 2245 causa
797 2202 875 2260 priva-

32 2294 41 2319 u
49 2279 118 2322 tionis
129 2280 258 2326 multarum
269 2279 424 2336 gratiarum...
437 2282 497 2338 Ergo
508 2281 632 2324 dicendum
644 2280 739 2337 quidem
751 2281 801 2324 aliis
813 2294 874 2324 com-

32 2373 41 2397 «
49 2358 150 2403 munitor
163 2358 214 2410 hoc,
228 2358 295 2402 licere
308 2359 343 2402 ita
356 2373 427 2416 agere,
442 2359 537 2404 suadere
550 2373 604 2405 vero
618 2363 642 2402 et
655 2359 774 2417 impellere
787 2373 833 2411 eos,
847 2363 874 2403 ut

32 2435 83 2479 «ita
97 2437 174 2493 reipsa
189 2440 266 2494 agant,
282 2436 330 2480 sine
346 2452 416 2481 causa
430 2425 658 2481 excusantiminime
673 2437 734 2489 licet,
750 2438 791 2481 sed
805 2452 874 2496 saepe

32 2514 191 2560 «contrarium
204 2519 239 2559 est
252 2515 393 2559 iaciendum
405 2517 526 2573 uldemp.
541 2517 589 2571 184,
603 2517 632 2560 de
645 2517 752 2574 exemplo
764 2516 873 2573 quodam,

31 2581 92 2648 quod
107 2593 207 2638 attulit:
224 2594 296 2637 «Sine
309 2594 380 2638 dubio
394 2594 474 2638 melius
489 2587 574 2646 feceris,
589 2594 608 2637 si
621 2594 738 2638 mitiorem
753 2595 874 2653 amplexus

32 2685 41 2710 u
49 2670 118 2714 tueris
129 2671 277 2723 sententiam,
290 2673 361 2729 egeris
372 2676 452 2716 tamen
463 2673 589 2716 secuudum
600 2672 753 2726 severiorem;
769 2673 801 2717 sic
813 2687 875 2716 com·

32 2764 41 2789 (1
49 2750 119 2793 moda
144 2750 240 2794 habebis
265 2750 347 2807 prioris
377 2752 504 2795 sententiae
526 2751 650 2795 coniuncta
669 2765 723 2795 curn
747 2752 874 2795 commodis

29 2844 38 2870 u
49 2828 188 2884 posterioris.
198 2845 207 2870 1
215 2828 282 2887 Quod
295 2829 345 2885 quis
360 2843 411 2873 eam
426 2844 496 2886 quarn
508 2830 649 2887 speculative
665 2833 730 2873 tenet
743 2831 873 2882 veritatem,

29 2906 129 2962 practice
142 2906 177 2949 ita
189 2907 343 2964 periculosam
355 2907 447 2959 iudicet,
461 2908 565 2952 mirabile
578 2909 677 2952 fortasse
690 2922 737 2952 non
749 2909 837 2966 paucis,
851 2913 874 2953 et

29 2983 53 3027 id
68 2985 161 3041 quidem
176 2985 232 3036 iure,
247 2985 371 3030 videbitur.
387 2988 419 3032 Ut
434 2990 512 3031 autern
526 3002 540 3030 a
553 2987 719 3045 probabilismo
734 3001 802 3032 omne
816 2988 875 3045 peri-
