2068 3413
142 144 171 188 26
366 156 534 198 ouansrrouns
551 158 583 189 on
600 157 761 190 couscrnurm

140 298 244 354 loquitur
254 297 318 343 Frins
333 297 380 355 (loc.
391 298 434 350 cit,
445 314 468 356 p,
480 299 517 356 66)
531 303 574 342 «ut
588 299 683 343 honeste
697 314 762 356 agere
774 300 984 357 possimusrequi-

141 377 201 419 ritur
213 377 329 420 dictamen
340 377 493 420 conscientiae
505 378 534 421 de
546 378 641 421 actionis
653 378 773 435 ponendae
784 378 890 422 bonitate
901 397 910 421 u
922 379 983 436 quod

140 455 259 498 dictamen
269 448 333 498 deest
343 455 366 497 in
377 456 518 499 conscientia
527 456 605 512 dubi-a,
617 471 645 499 ex
655 456 702 499 eius
713 456 857 501 diffinitione.
869 458 983 502 Probatur

140 538 295 591 assumptum.
316 534 412 591 Propria
430 535 546 579 rectitudo
566 535 661 578 actionis
681 535 796 578 humanae
817 550 863 591 qua
882 536 984 579 humana

140 616 184 664 est,
194 616 229 655 est
239 616 265 655 ut
275 612 430 655 conformetur
439 613 530 658 rationi.
542 614 618 664 Porro,
628 613 652 656 id
662 627 707 672 quo
717 613 778 656 actio
788 599 891 657 humana
899 614 982 660 rationi

139 690 305 742 conformatur,
322 694 357 734 est
374 691 485 734 iudicium
502 678 661 743 conscientiae,
678 706 729 735 eam
746 706 800 735 cum
816 693 865 750 lege
881 692 983 738 naturali

141 770 239 812 relatam
248 769 428 826 comprobantis.
440 771 461 814 S.
473 770 581 822 Thomas,
593 778 618 813 ra
627 778 668 822 2³0,
680 784 701 826 q,
713 784 747 822 21,
759 786 779 814 a.
792 784 803 814 1
816 785 820 814 :
836 772 981 815 «Debitus...

140 848 226 893 ordo...
241 848 367 891 secundum
381 848 485 904 aliquam
498 849 601 905 regulam
612 852 785 894 mensuratur...
802 851 830 893 ln
844 850 907 893 his...
924 864 982 906 quae

142 931 242 983 aguntur
263 941 303 983 per
323 927 477 978 voluntatem,
500 928 578 984 regula
598 927 704 984 proxima
725 931 760 970 est
782 928 841 973 ratio
864 928 981 981 humana;

140 1005 220 1061 regula
231 1009 309 1047 autem
319 1019 427 1061 suprema
438 1009 472 1048 est
483 1006 522 1048 lex
532 1009 631 1050 aeterna.
645 1006 842 1063 Quandocumque
853 1021 905 1063 ergo
917 1010 982 1049 actus

141 1083 242 1126 hominis
257 1083 361 1139 procedit
377 1084 400 1126 in
417 1084 487 1126 finem
505 1084 633 1127 secundum
652 1084 756 1126 ordinem
772 1084 870 1127 rationis
885 1088 908 1127 et
927 1084 982 1141 legis

116 1176 117 1180 ¹
140 1165 256 1213 aeternae,
271 1165 327 1204 tunc
343 1166 408 1205 actus
423 1166 457 1205 est
469 1166 561 1214 rectus,·
578 1163 669 1218 quando
687 1166 766 1205 autem
783 1164 813 1205 ab
830 1163 873 1205 hac
889 1164 983 1208 rectitu-

142 1240 196 1283 dine
221 1240 360 1296 obliquatur,
382 1244 439 1283 tunc
456 1241 541 1283 dicitur
558 1244 685 1298 peccatum.
698 1258 706 1282 1
733 1242 841 1299 Quodsi
866 1242 983 1298 quiscum

142 1319 284 1362 conscientia
297 1319 368 1362 dubia
382 1319 437 1376 agit,
450 1319 474 1361 111
486 1320 575 1362 actione
588 1323 622 1362 est
636 1319 738 1362 delectus
749 1319 917 1363 conlormitatis
930 1334 982 1363 cum

140 1399 220 1454 regula
232 1397 344 1454 proxima,
360 1412 418 1453 quae
434 1402 468 1441 est
488 1397 590 1440 humana
603 1398 677 1450 ratio;
693 1398 741 1441 fieri
756 1398 849 1454 quidem
864 1402 941 1455 potest
955 1402 981 1441 ut

141 1475 165 1518 in
179 1475 269 1518 actione
282 1476 311 1518 sit
325 1476 474 1518 conformitas
490 1476 615 1521 materialis
631 1490 683 1519 cum
698 1477 777 1533 regula
792 1491 906 1533 suprema,
923 1460 982 1533 quae

140 1557 176 1597 est
192 1555 230 1597 lex
249 1557 348 1605 aeterna,
374 1555 414 1597 sed
430 1554 562 1598 huiusmodi
577 1554 724 1606 conformitas
744 1554 869 1600 materialis
895 1559 917 1598 et
942 1570 982 1612 per

142 1632 247 1675 accidens
261 1646 307 1674 non
318 1647 344 1675 ea
357 1636 391 1675 est
403 1647 463 1689 quae
473 1633 502 1675 ab
514 1633 605 1675 homine
616 1647 661 1689 qua
673 1632 715 1675 tali
727 1637 891 1690 exspectatur;
904 1638 982 1677 manet

139 1710 211 1767 igitur
224 1710 283 1753 actio
296 1710 413 1756 moraliter
425 1712 495 1755 mala.

171 1790 237 1833 ldem
248 1789 281 1831 'sic
295 1789 365 1832 etiam
378 1790 508 1846 probatur:
524 1806 533 1829 1
544 1790 652 1833 voluntas
664 1807 672 1831 1
686 1790 733 1832 eius
748 1791 788 1846 qui
802 1791 848 1847 agit
863 1805 915 1833 cum
929 1805 981 1833 con-

139 1867 237 1910 scientia
250 1867 321 1910 dubia
336 1884 344 1907 1
353 1868 387 1910 ita
400 1882 459 1924 opus
474 1868 612 1924 aggreditur,
627 1871 653 1910 ut
667 1871 750 1924 parata
763 1869 793 1911 sit
808 1869 866 1912 illud
880 1869 980 1925 exsequi,

93 1929 94 1932 Ἴ
140 1946 189 1989 sive
206 1946 243 1996 sit,
262 1946 309 1989 sive
327 1960 373 1988 non
390 1946 420 1988 sit
438 1950 520 1991 contra
536 1947 608 2003 legem
626 1947 675 1997 Dei,
695 1961 754 2002 quae
772 1947 881 1990 voluntas
898 1951 981 2004 suapte

140 2028 226 2069 natura
238 2025 300 2067 mala
312 2028 353 2075 est,
368 2028 438 2082 atque
451 2025 543 2067 divinae
558 2025 674 2067 maiestati
687 2025 817 2068 iniuriosa»
831 2017 994 2082 (Beaudouiu,

140 2107 176 2160 op.
193 2103 237 2154 cil„
253 2118 276 2159 p.
292 2102 337 2159 50).
354 2103 453 2146 Ratione
468 2103 524 2146 rituli
539 2103 568 2146 ab
583 2117 650 2159 opere
665 2117 711 2145 non
722 2104 822 2155 sublata,
839 2104 908 2146 homo
923 2105 981 2147 illud

140 2181 224 2237 accipit
240 2184 266 2223 ut
282 2181 366 2238 agrili.
492 2173 494 2177 ’

171 2339 202 2380 11.
225 2338 331 2380 lilanente
352 2338 493 2380 conscientia
512 2338 590 2388 dubia,
611 2338 679 2380 debet
696 2338 769 2380 'homo
790 2342 881 2395 partem
901 2339 981 2395 eligere

138 2416 257 2459 tutiorem.
273 2416 295 2459 Si
309 2416 401 2472 quidem
416 2416 465 2460 fieri
478 2420 563 2472 potest,
578 2416 647 2458 homo
661 2417 825 2459 conscientiam
838 2422 925 2460 certam
938 2417 982 2460 sibi

140 2495 252 2545 efformet,
265 2494 361 2537 dubium
372 2495 502 2551 practicum
514 2495 657 2551 deponendo
669 2495 706 2539 vel
718 2495 811 2539 meliore
823 2496 878 2552 legis
891 2500 913 2538 et
926 2495 981 2538 iacti

138 2572 328 2624 consideratione,
342 2574 380 2616 vel
393 2587 437 2629 ope
450 2572 557 2629 principii
570 2572 656 2623 reflexi,
671 2573 729 2615 sicut
744 2569 926 2626 11111111116611111511
941 2574 981 2617 ubi

140 2651 168 2694 de
184 2651 354 2707 probabilitate.
372 2653 436 2694 Tunc
452 2651 532 2707 itaque
548 2651 631 2696 dicitur
647 2665 694 2694 esse
710 2666 764 2708 pars
780 2652 853 2694 tutior
869 2653 980 2709 eligenda,

138 2743 193 2772 cum
206 2728 344 2772 Conscientia
356 2733 419 2774 certa
431 2730 464 2772 sic
477 2729 592 2774 efformari
605 2730 691 2785 nequit,
708 2731 748 2772 sed
764 2734 843 2773 manet
856 2731 980 2774 dubitatio.

140 2807 221 2850 Tutior
233 2821 286 2864 pars
300 2807 358 2852 inter
371 2808 563 2853 contradictorias
579 2822 606 2850 ea
621 2811 655 2850 est
673 2823 732 2864 quae
749 2809 877 2865 periculum
890 2809 981 2852 laeden-

139 2887 183 2929 dae
192 2886 254 2942 legis,
265 2886 335 2929 etiam
343 2886 501 2937 materialiter,
512 2886 541 2929 ab
551 2890 632 2943 agente
641 2890 743 2929 removet
756 2887 797 2943 (611
806 2887 879 2938 Frins,
890 2892 924 2945 op.
936 2887 979 2938 at,

138 2979 162 3021 p.
175 2974 223 3018 135,
234 2965 375 3016 Beaudouin,
387 2969 422 3022 op.
431 2965 477 3019 cit,
488 2980 511 3021 p.
523 2974 557 3019 51,
569 2965 632 3021 etc).¹
647 2964 682 3008 Sic
692 2965 711 3007 si
721 2965 803 3008 dubito
814 2966 842 3008 de
853 2966 980 3013 omissione,

138 3057 158 3086 e.
168 3058 189 3100 g.
199 3056 255 3085 num
264 3043 293 3085 sit
303 3042 369 3086 hodie
378 3043 449 3085 missa
457 3057 487 3086 ex
494 3046 617 3100 praecepto
627 3043 748 3095 audienda,
757 3044 832 3086 tutius
842 3048 876 3087 est
886 3044 963 3087 audire
975 3059 980 3096 ;
