2068 3413
121 163 152 207 14
352 164 519 207 QUAESTIONES
535 166 568 198 DE
585 165 748 199 CONSCIENTIA

121 305 160 349 vel
176 304 329 354 «tendentiae
340 322 356 348 i.
374 305 438 350 Prior
449 309 489 348 est
506 304 552 362 (vel
567 292 617 351 erat
632 320 637 350 ε
653 306 777 364 praecipue
793 307 854 350 enim
873 306 973 351 florebat

121 383 254 443 quindecim
268 383 307 427 vel
317 383 401 440 viginti
413 383 497 427 abhinc
512 383 587 441 annis)
602 385 733 441 formalium
742 386 780 429 vel
791 385 972 437 Kantianorum,

121 463 200 505 omnia
219 462 381 507 reducentium
402 462 432 505 ad
453 462 619 519 imperativum
641 464 797 520 categoricum
818 462 974 507 conscientiae

120 540 263 584 individuae.
276 540 357 585 Altera
369 544 404 583 est
417 541 563 592 naturalium,
577 541 626 586 sive
639 542 668 584 ad
681 542 778 585 liberam
790 541 906 586 individui
919 556 973 587 evo-

121 618 235 669 lutionem
257 619 337 662 omnia
357 619 513 670 referentium,
536 619 591 671 sive,
614 621 676 677 quod
698 634 759 663 nunc
780 621 854 678 magis
877 620 970 671 arridet,

119 697 235 741 socialiter
246 697 325 741 omnia
336 697 511 754 explicantium,
523 699 667 758 sensumque
674 682 822 755 obligationis
834 714 863 743 ex
874 699 972 742 historia

120 776 238 819 societatis
252 776 368 819 humanae
381 776 546 828 derivantium,
561 780 584 820 et
598 777 720 821 scientiam
732 791 825 823 morum
838 777 972 834 disiungen-
1003 762 1004 765 Ἰ

119 854 180 897 tium
191 870 204 897 a
213 854 296 899 morali
306 854 442 911 categorica.
454 856 540 899 Contra
549 855 637 911 priores
647 855 724 912 igitur,
735 856 852 899 catholica
862 855 971 901 doctrina

119 936 191 984 tenet,
211 934 285 989 legem
305 933 436 977 naturalem
456 934 479 976 in
498 934 565 977 nobis
585 934 643 976 nihil
663 949 711 978 esse
730 934 775 977 nisi
794 934 970 980 irradiationem

119 1013 240 1068 quandam
252 1012 318 1068 Legis
331 1015 444 1062 aeternae,
457 1015 484 1055 ut
496 1011 585 1055 dictum
597 1016 639 1063 est,
651 1012 750 1071 ideoque
761 1012 810 1055 sine
822 1015 871 1057 Deo
884 1017 907 1056 et
918 1013 970 1057 reli÷

119 1090 186 1147 gione
209 1091 322 1135 moralem
339 1090 436 1133 destitui
454 1091 614 1134 fundamento.
636 1092 681 1138 Per
697 1092 765 1148 legem
782 1091 907 1135 naturalem
924 1105 970 1135 oon
1002 1101 1003 1104 ’

119 1170 183 1212 homo
196 1168 242 1212 stol
253 1172 292 1227 por
304 1183 326 1212 so
338 1168 426 1219 conscit,
439 1169 476 1212 sod
486 1171 553 1220 Deos,
566 1172 593 1212 ut
605 1169 639 1212 ita
649 1169 738 1228 loquar,
752 1169 834 1213 conscit
844 1170 871 1213 in
881 1169 970 1214 homino

121 1248 188 1304 (sicut
201 1250 263 1292 Deus
275 1246 373 1289 inomni
385 1250 468 1303 agente
478 1247 638 1290 vehementius
650 1248 697 1305 agit
709 1262 780 1306 quam
791 1247 869 1304 ipsum
881 1247 968 1304 agens).

120 1326 247 1371 Socialibus
260 1328 338 1368 autern
350 1325 504 1376 concedimus,
516 1326 678 1369 necessitatem
689 1326 745 1385 legis
755 1327 849 1371 moralis
861 1340 908 1369 non
919 1340 968 1369 esse

119 1405 259 1456 absolutam,
271 1404 311 1447 sed
324 1420 333 1444 <r
342 1403 528 1447 condicionatam
540 1421 555 1455 o,
568 1421 577 1444 u
586 1405 672 1447 scilicet
683 1419 712 1447 ex
724 1404 776 1447 finis
787 1404 946 1462 suppositione
958 1421 968 1445 1>

122 1484 151 1542 (S.
167 1484 277 1534 Thomas,
291 1482 444 1533 DoVerr'tota,
466 1496 487 1538 q.
508 1494 542 1538 17,
559 1497 580 1526 a.
595 1482 626 1539 3).
644 1483 687 1526 Sed
702 1482 743 1527 illa
759 1483 947 1526 «condicionatio
958 1500 968 1524 i>

119 1562 213 1605 aliaest
227 1561 251 1604 in
265 1561 345 1618 primis
359 1560 477 1617 principiis
491 1560 546 1617 legis
559 1561 660 1612 moralis
676 1561 721 1605 alia
734 1562 758 1604 in
773 1561 823 1604 aliis
836 1561 967 1618 praeceptis

119 1655 179 1700 quae
196 1640 226 1683 ad
243 1640 307 1684 dicta
323 1639 437 1697 principia
454 1642 619 1696 comparantur
634 1643 669 1682 ut'
679 1640 835 1684 conclusiones
854 1641 884 1683 ad
903 1639 967 1682 axio-

118 1722 190 1763 mata.
203 1720 271 1770 Nam,
284 1717 363 1777 quoad
373 1721 498 1775 praecepta
508 1718 582 1774 magis
593 1719 755 1770 determinata,
770 1732 829 1775 gons,
844 1718 963 1770 saecolum,

119 1802 183 1849 secto,
198 1797 269 1841 trilicis
286 1797 312 1839 io
325 1811 359 1840 mo
372 1796 460 1847 conscit,
475 1797 538 1853 quod
551 1799 629 1853 potest
642 1797 691 1841 sive
705 1797 735 1839 ad
749 1796 880 1854 profectum
893 1797 964 1854 perti-

118 1890 179 1927 nere,
192 1877 241 1919 sive
254 1876 283 1919 ad
295 1875 413 1919 deiectum
428 1874 469 1931 (cir
481 1882 506 1919 1a
518 1882 560 1926 ΖΕΘ,
575 1889 596 1930 q.
616 1887 650 1932 94,
665 1890 684 1919 a.
698 1879 746 1930 4et
759 1875 789 1932 5).
804 1875 871 1934 Quod
883 1879 963 1918 autem

120 1956 149 1998 ad
168 1948 283 2011 principia
300 1954 376 2010 prima
394 1953 502 2010 pertinet,
521 1966 568 1996 non
587 1957 680 1997 tantum
699 1954 833 1997 humanitas
852 1953 962 1998 historica

120 2037 143 2077 et
161 2033 351 2090 phaenomenalis
370 2032 394 2074 in
412 2044 449 2075 me
468 2032 561 2083 conscit,
581 2033 621 2075 sed
641 2033 713 2076 etiam
731 2033 832 2076 essentia
849 2032 967 2075 humanae

119 2116 217 2157 naturae
233 2112 333 2156 formam
350 2111 469 2166 quandam
485 2124 551 2154 suam
567 2111 660 2154 divinae
677 2110 811 2155 attractioni
827 2110 963 2162 substernit,

120 2205 167 2247 qua
181 2191 275 2235 Creator
288 2193 406 2234 creaturas
420 2202 499 2232 omnes
513 2189 543 2232 ad
557 2189 645 2232 bonum
659 2189 846 2248 consequendum
857 2188 965 2234 attrahit.

120 2272 151 2314 Et
163 2269 215 2313 ideo
229 2269 255 2312 io
266 2268 351 2313 iordicr'o
364 2267 509 2311 conscientiae
521 2268 602 2311 conscit
614 2268 640 2311 in
651 2282 685 2312 oro
697 2267 832 2319 hnmanitas,
845 2270 916 2324 prout
931 2270 966 2310 est

119 2349 235 2407 quaedam
251 2347 324 2390 divini
350 2346 409 2390 Boni
424 2346 580 2403 participatio,
596 2350 619 2390 et
637 2345 736 2390 involvit
752 2346 967 2403 praesumptionem

120 2427 239 2483 quandam
258 2440 298 2468 seu
317 2425 509 2482 suppositionem,
528 2438 565 2468 me
583 2438 657 2481 posse,
677 2425 696 2468 si
714 2428 776 2467 recte
795 2438 870 2481 agam,
890 2426 967 2468 Deum

119 2505 236 2562 consequi.
251 2504 357 2548 Realitas
371 2506 449 2546 autem
463 2503 613 2561 appetitionis
626 2504 688 2555 boni,
702 2503 816 2560 praebens
829 2503 967 2546 fundamen-

119 2588 171 2626 tum
186 2583 327 2639 legi'morali
341 2582 490 2633 necessariae,
505 2582 592 2624 -etsi
607 2581 773 2632 condicionate,
788 2595 836 2624 non
851 2580 964 2632 absolute,

119 2689 149 2694 -
162 2676 191 2705 ex
204 2662 347 2718 experientia
360 2660 490 2703 desumitur
501 2674 506 2712 ς
520 2660 582 2719 quod
596 2664 675 2704 autem
688 2673 769 2703 verum
782 2659 871 2702 bonum
885 2659 967 2702 huma-

119 2754 176 2784 num
190 2753 306 2796 nusquam
320 2739 364 2782 nisi
376 2738 401 2781 in
414 2742 464 2783 Deo
477 2739 616 2790 inveniatur,
631 2739 717 2781 frustra
730 2738 781 2797 quis
795 2753 825 2781 ex
839 2737 967 2794 Sociologia

120 2820 218 2876 probare
230 2822 306 2862 tentet
321 2833 325 2862 :
347 2818 371 2860 id
383 2817 444 2861 enim
456 2821 490 2860 est
501 2817 682 2875 metaphysicae.

150 2900 215 2943 Inter
228 2897 298 2940 libros
313 2895 492 2939 innumerabiles
507 2895 542 2938 his
556 2896 586 2938 de
599 2896 667 2939 rebus
682 2894 763 2946 editos,
779 2894 844 2951 seligi
857 2897 964 2951 possunt,

119 2977 149 3019 de
167 2976 332 3021 Kantianismo
351 2978 374 3018 et
392 2973 580 3017 individualismo
599 2973 789 3024 Nietzschaeano,
808 2975 836 3018 A.
855 2972 965 3024 Fouille'e,

120 3057 151 3099 Lo
167 3054 294 3099 noorolr‘smo
311 3054 336 3097 dc
352 3054 416 3097 Koot
433 3057 452 3096 ct
467 3047 825 3109 l’oroorolr'smo'contempororffl
844 3060 918 3108 1905}
934 3051 965 3095 de
