1948 3333
261 110 294 141 DE
310 108 425 140 ELISIONE
441 108 657 140 PROBABILITATUM
853 95 880 139 61
945 146 946 149 Ἰ

31 250 150 294 bilitatem
166 250 259 307 quidem
275 249 321 307 qua
336 250 408 293 talem
423 264 470 293 non
485 250 609 307 cognoscit,
625 248 669 292 nisi
684 248 813 292 subiectum
828 261 881 305 pro»

34 329 110 386 prium
135 329 308 386 probabilitatis
333 328 515 386 cointellegendo
527 343 532 381 ;
557 329 597 372 sed
622 328 666 371 hoc
691 328 777 370 nedum
802 340 882 371 veram

34 407 206 465 probabilitatis
229 408 383 465 cognitionem
405 408 481 459 tollat,
504 421 556 451 earn
578 407 656 465 potius
678 405 769 449 statuit.
792 406 881 450 Unum-

36 486 143 543 quodque
159 486 220 529 enim
236 490 292 530 tunc
307 486 426 531 verissime
442 486 595 543 cognoscitur,
612 500 664 528 cum
680 485 704 527 in
719 498 760 527 suo
776 484 880 527 subiecto

32 564 134 621 proprio,
148 565 186 608 vel
198 566 279 609 melius
292 565 316 607 in
329 565 375 607 suis
389 565 496 608 omnibus
509 565 592 616 causis,
606 564 757 621 cognoscitur,
772 563 807 608 Sic
821 562 881 605 enim

36 645 98 688 Deus
115 646 138 686 et
156 644 237 700 angeli,
255 643 295 700 qui
311 657 352 706 nec
370 643 504 687 errautiatiue
520 657 561 686 nec
579 642 699 686 discursive
718 644 858 698 cognoscunt
866 642 880 690 1,

37 724 280 782 cognoscunt-tamen
302 735 394 765 omnem
417 721 590 767 euuatiabiliura
612 722 644 765 aet
665 721 812 771 discursuum,
839 733 882 776 qua

36 800 121 852 taliurrr,
141 800 273 852 veritatem,
294 800 425 844 subiectum
446 800 570 843 enuntians
590 801 628 843 vel
647 800 776 844 discurrens
799 810 894 855 cogno·

36 879 128 922 scendo,
144 878 179 923 Sic
192 879 287 935 spiritus
300 879 359 936 puri,
374 880 413 935 qui
427 879 568 936 probabiliter
580 893 627 921 non
640 882 788 934 cognoscunt,
802 876 881 934 proba-

34 956 142 1001 bilitateru
159 960 239 1000 tamen
257 961 405 1014 cognoscunt,
426 958 537 1008 homines,
551 957 687 1014 cognitionis
705 956 831 1013 probabilis
845 969 881 997 ca-

36 1049 111 1092 paces,
128 1035 316 1093 cointellegendo
335 1036 371 1080 Sic
387 1022 457 1079 etiam
473 1049 514 1079 suo
530 1037 599 1079 modo
614 1036 652 1078 ille
669 1035 708 1094 qui
723 1036 751 1078 de
767 1033 881 1091 probabili

35 1113 120 1157 reflexo
137 1113 231 1166 iudicat,
251 1128 370 1158 assensum
388 1114 534 1171 opinativum
552 1115 681 1157 cohibendo
699 1117 725 1156 ut
742 1114 795 1156 solis
813 1112 881 1156 certis

34 1190 222 1249 intellegibilibus
235 1194 265 1236 ad
277 1196 370 1249 tempus
384 1193 614 1244 adhaereat„desinit
629 1192 722 1250 quidem
736 1191 825 1248 opinari
840 1204 880 1233 seu

33 1283 171 1327 cognoscere
187 1271 333 1328 probabiliter
345 1271 520 1328 probabilitatem
534 1275 616 1314 tamen
629 1284 675 1313 non
690 1270 774 1313 desinit
786 1283 881 1326 cognos-

36 1362 92 1392 cere,

66 1429 116 1470 lam
132 1441 194 1478 vere,
211 1428 230 1470 si
246 1428 274 1471 de
290 1427 456 1484 probabilitate
473 1427 574 1470 iudicare
591 1441 713 1484 possumus
730 1427 786 1482 quin
801 1430 882 1469 tamen

32 1505 162 1562 opinemur,
177 1519 224 1548 non
237 1505 328 1550 difficile
343 1509 377 1549 est
391 1505 704 1562 ostendereprobabilitates
720 1505 779 1549 inter
795 1519 819 1548 se
833 1518 887 1546 non¹

33 1597 126 1640 semper
142 1584 202 1629 elidi.

66 1663 133 1720 Quod
150 1662 211 1705 enim
227 1663 346 1720 opiniones
363 1663 492 1708 contrariae
508 1662 583 1705 eidem
600 1663 628 1706 de
645 1663 726 1705 eodem
742 1662 811 1705 simul
827 1665 882 1704 actu

34 1738 108 1783 inesse
117 1754 164 1783 non
173 1745 278 1797 possunt,
288 1755 340 1784 earn
349 1754 443 1784 causam
453 1741 532 1792 habet,
544 1742 606 1797 quod
615 1745 672 1784 tunc
681 1741 742 1784 idem
751 1741 881 1784 subiectum

36 1819 126 1862 duabus
137 1819 216 1862 formis
226 1820 328 1863 eiusdem
338 1819 422 1875 speciei
432 1820 456 1861 in
466 1834 515 1862 esse
525 1823 622 1863 naturae
632 1820 701 1862 simul
711 1819 880 1869 informaretur,

33 1898 98 1953 quod
113 1911 159 1939 non
173 1901 251 1954 potest
269 1898 339 1943 fieri2.
356 1898 491 1941 Subiectum
505 1898 619 1954 opinionis
635 1912 682 1940 non
697 1901 731 1940 est
746 1912 810 1941 mens
825 1897 880 1947 sola,

32 1976 75 2018 sed
91 1990 155 2018 mens
172 1990 225 2018 cnm
242 1976 320 2032 aliqua
335 1975 449 2019 sensibilis
466 1976 539 2033 partis
556 1976 707 2033 dispositione
724 1976 747 2018 in
764 1976 882 2032 quandam

32 2057 126 2109 partem
144 2054 268 2099 inclinante
288 2057 390 2110 accepta,
410 2058 436 2097 ut
455 2069 484 2097 ex
501 2069 572 2111 supra
590 2055 657 2098 dictis
677 2054 784 2098 habetur,
804 2056 881 2104 Porro,

32 2132 94 2181 :sicut
110 2146 157 2175 non
172 2136 250 2189 potest
265 2133 379 2176 sensibilis
394 2133 501 2189 potentia
516 2133 586 2175 simul
600 2133 755 2175 incontraria
770 2132 881 2182 inclinari,

32 2210 67 2253 sic
77 2225 124 2253 non
134 2215 231 2267 possunt
242 2211 311 2254 simul
321 2210 402 2255 haberi
412 2211 540 2256 contrariae
551 2212 677 2268 opiniones.
689 2213 731 2254 Est
743 2212 804 2253 enim
816 2210 883 2267 quasi

33 2287 110 2331 torma
122 2289 219 2332 subiecti
232 2290 356 2346 opinantis,
371 2303 418 2347 qua
430 2290 491 2340 talis,
505 2290 626 2346 dispositio
639 2290 663 2332 in
675 2293 753 2332 mente
766 2290 882 2333 resultans

33 2380 65 2409 ex
79 2368 227 2411 inclinatione
241 2368 314 2425 partis
329 2367 461 2419 sensitivae,
477 2371 503 2411 ut
519 2368 608 2411 dictum
623 2372 665 2411 est.

66 2446 110 2489 Sed
125 2446 194 2489 valde
211 2447 277 2489 aliter
292 2449 327 2489 est
343 2460 396 2488 cum
413 2447 464 2502 quis
480 2446 604 2490 reflexione
620 2447 771 2491 intellectuali
786 2446 883 2503 disposi-

33 2524 109 2567 tiones
121 2538 175 2567 suas
186 2525 308 2568 sensitivas
320 2524 368 2567 sive
380 2528 513 2581 praesentes
524 2525 572 2568 sive
584 2525 704 2582 possibiles
716 2538 882 2582 supergressus,

36 2600 148 2659 intellegit
161 2617 192 2654 se,
206 2603 225 2646 si
237 2604 269 2646 sic
281 2603 319 2646 vel
330 2603 362 2645 sic
375 2603 543 2660 disponeretur,
557 2604 580 2645 in
593 2604 653 2646 lianc
666 2604 703 2648 vel
715 2604 779 2646 illam
792 2608 883 2660 partem
911 2588 913 2593 ¹

36 2693 190 2724 assensurum.
209 2682 273 2726 Nihil
290 2681 351 2724 enim
368 2681 477 2737 prohibet
496 2682 619 2737 quominus
637 2696 683 2725 uno
701 2682 788 2725 intuitu
806 2682 882 2738 plures

835 2749 843 2777 a

35 2760 94 2802 tales
107 2760 269 2816 dispositiones
282 2759 472 2816 comprehendat,
485 2760 709 2817 probabilitatesque
725 2761 833 2805 relativas
856 2760 883 2802 iis

62 2877 76 2901 1<
91 2869 158 2901 Coutra
171 2869 255 2908 Gentiles,
267 2870 281 2901 Ι4
293 2879 321 2911 57,
333 2869 361 2909 58.
371 2888 395 2892 -
406 2868 424 2901 1a
433 2880 458 2912 p„
469 2877 487 2910 q.
500 2879 527 2911 14,
538 2879 554 2901 a.
566 2879 589 2911 73
600 2877 617 2912 q<
629 2871 657 2911 58,
668 2880 684 2902 a.
696 2879 705 2911 3
716 2871 734 2901 et
745 2880 761 2911 4,
772 2872 806 2902 etc.

60 2933 76 2957 2.
89 2925 115 2956 De
130 2924 232 2958 Virtutibus
244 2926 264 2958 iu
275 2924 371 2962 corurauui,
384 2934 400 2956 a.
414 2935 442 2957 11.
453 2944 478 2949 —
488 2924 507 2965 3l
518 2935 543 2968 p.‚
557 2932 575 2967 q.
588 2935 615 2967 35,
628 2936 644 2958 a.
657 2935 673 2966 5.

60 2988 76 3019 3,
91 2980 188 3012 Relativas
198 2989 229 3013 eas
238 2981 319 3024 quidem,
329 2981 361 3013 sed
369 2990 423 3013 veras
432 2982 454 3013 ut
462 2983 506 3013 sunt
515 2981 658 3024 probabilitates
666 2992 670 3020 ;
680 2981 709 3013 vel
718 2981 780 3024 potius
789 2981 882 3019 relativas,

35 3036 57 3066 et
69 3036 110 3069 ideo
123 3045 183 3075 veras,
196 3046 239 3069 cum
252 3047 285 3070 suo
298 3037 379 3069 debeant
392 3037 497 3079 cointellegi
509 3037 600 3071 subiecto.
