2068 3413
154 126 184 171 54
381 130 549 170 ouaasrronas
566 132 598 162 nn
615 131 777 164 conseminia

155 269 231 313 innuit
247 271 268 314 S.
282 270 391 322 Thomas,
406 285 458 314 curn
471 271 550 317 scribit
567 286 570 316 :
586 289 595 312 1
605 275 639 317 De
652 273 740 316 ratione
754 273 867 330 opinionis
881 277 923 324 est.
938 273 1001 329 quod

155 348 179 390 id
198 349 266 404 quod=
279 349 330 405 quis
349 348 474 401 existimat,
494 350 611 394 existimet
629 352 737 408 possibile
756 353 822 395 aliter
839 367 863 395 se
882 352 1001 395 1111111115»Ι

156 427 191 483 (aa
204 434 247 479 2³²,
261 442 283 485 q.
299 441 318 479 1,
334 442 353 471 a.
368 438 388 482 5,
403 429 432 472 ad
445 429 475 485 4),
490 429 557 485 quasi
570 429 632 473 aliud
646 434 704 473 esset
718 431 741 472 in
754 434 831 474 mente
844 431 955 473 iudicium
972 430 1001 474 de

154 519 181 548 eo
197 506 259 562 quod
274 507 393 563 probabile
407 511 449 557 est,
466 507 529 551 aliud
543 508 654 551 iudicium
668 510 696 552 de
711 508 758 552 eius
773 509 944 566 probabilitate,
960 523 1001 552 seu

152 585 183 627 de
193 576 366 641 comparatione
376 586 424 628 eius
435 587 465 629 ad
474 586 605 630 veritatem.
616 588 652 637 Ad
663 587 721 630 hanc
733 590 810 630 autem
820 588 1000 631 insinuationem

153 663 244 719 plenius
261 664 421 715 evolvendam,
440 669 532 721 oportet
554 666 623 722 paulo
640 667 709 708 altius
725 666 838 723 principia
853 667 881 709 de
897 666 1002 708 humana

154 741 284 798 cognitione
303 746 413 799 repetere.

185 821 252 877 Quod
264 821 334 863 horno
346 821 418 877 possit
431 822 524 864 omnino
537 822 633 879 opinaris,
644 822 667 866 id
679 826 713 865 est
726 824 788 879 quod
800 824 823 865 in
834 837 860 866 eo
872 822 1001 879 reperiatur

154 899 214 941 inter
233 899 388 956 cognitionem
407 904 494 943 certam
513 901 680 944 intellectivam
699 905 721 943 et
741 915 829 944 meram
848 901 1000 945 nescientiam

153 977 254 1034 cognitio
266 978 345 1033 aliqua
354 978 437 1029 media,
448 979 472 1022 id
483 979 554 1021 habet
566 994 579 1022 a
589 983 673 1022 natura
683 993 724 1022 sua
735 994 763 1022 ex
773 983 850 1023 mente
861 983 883 1023 et
894 979 999 1023 sensibus

153 1056 290 1113 composita.
309 1058 377 1107 Nam,
395 1057 457 1112 quod
473 1049 546 1113 possit
563 1072 611 1101 esse
628 1058 750 1103 discrimen
766 1058 825 1101 inter
841 1062 999 1115 repraesenta-

152 1134 240 1178 tionem
261 1148 287 1177 ac
306 1135 400 1191 plenum
418 1139 553 1191 certumque
572 1150 698 1187 assensum,
717 1137 741 1179 id
760 1137 834 1192 arguit
853 1137 877 1178 in
895 1136 999 1179 subiecto

152 1217 306 1270 cognoscente
320 1228 366 1269 qua
378 1214 423 1256 tali
433 1214 571 1257 dualitatem
585 1215 695 1270 aliquam,
709 1229 756 1270 qua
768 1215 840 1271 possit
853 1215 891 1258 ille
905 1214 999 1270 quidem

153 1292 377 1348 repraesentationes
393 1307 446 1335 suas
463 1293 492 1336 ad
508 1297 596 1336 certam
612 1293 729 1349 quandam
745 1307 877 1338 mensuram
893 1292 999 1336 veritatis

154 1371 244 1421 reterrey
260 1374 283 1413 et
299 1371 331 1413 sic
346 1371 374 1413 de
388 1371 415 1413 iis
431 1371 538 1421 iudicare¹
555 1375 577 1414 et
594 1385 640 1429 qua
656 1372 697 1414 fiat
712 1375 798 1422 tamen,
814 1375 840 1414 ut
856 1385 903 1413 non
917 1371 999 1413 statim

151 1463 207 1491 cum
218 1464 229 1492 e
239 1452 317 1492 niente
327 1449 450 1505 pullulant,
461 1450 564 1493 inveniat
574 1464 612 1492 eas
623 1450 669 1492 iam
680 1450 709 1492 ad
721 1450 855 1492 huiusmodi
866 1463 998 1492 mensuram

153 1528 246 1578 relatas,
259 1528 421 1575 etsecundum
432 1528 484 1570 eam
496 1531 578 1585 sponte
590 1542 717 1584 expressas.
731 1530 814 1584 ltaque
825 1542 854 1570 ex
865 1528 999 1571 huiusmodi

150 1606 268 1648 dualitate
288 1606 314 1648 lit
333 1605 447 1662 possibilis
465 1606 489 1648 in
507 1606 600 1649 homine
618 1610 668 1649 tam
685 1620 746 1652 error
765 1620 835 1662 quam
853 1606 957 1663 opinatio
975 1609 998 1648 et

150 1685 270 1727 dubitatio
295 1698 299 1727 :
321 1684 437 1727 dubitatio
459 1685 560 1740 quidem,
582 1685 639 1727 dum
660 1685 895 1741 repraesentationem
917 1684 998 1735 babet,

151 1777 274 1806 :assensum
290 1762 395 1806 totaliter
411 1763 556 1814 coliibendo;
573 1763 650 1819 opinio
668 1766 753 1813 autem,
771 1776 824 1805 cum
840 1766 999 1820 repraesenta-

152 1841 241 1885 tionem
255 1841 333 1892 habet
349 1855 467 1884 assensum
480 1842 523 1884 sub
536 1841 668 1884 condicione
684 1841 717 1897 (ut
731 1841 836 1897 dicetur),
850 1855 897 1884 non
910 1840 999 1897 simpli-

149 1920 216 1971 citer,
231 1919 394 1976 vpraestando;
415 1933 476 1963 error
495 1934 557 1969 veroy
578 1933 632 1961 oum
651 1919 857 1977 repraesentationi
878 1932 998 1962 assensum

152 2002 265 2055 praestat,
277 1998 318 2040 ubi
328 2002 388 2041 esset
399 1999 524 2054 negandus.
538 1998 635 2053 Sublata
645 2012 699 2043 vero
711 1998 831 2049 dualitate
844 1997 896 2040 tolli
907 1998 1001 2043 videtur

153 2081 203 2119 tam
222 2076 364 2133 possibilitas
382 2076 529 2133 opinationis,
549 2090 620 2131 quarn
639 2076 726 2119 erroris.
747 2076 808 2127 Ideo,
828 2076 887 2118 sicut
907 2076 1000 2119 Intelle-

150 2155 245 2212 gentiae
268 2155 374 2197 infinitae
398 2169 471 2211 neque
489 2162 642 2211 error‘neque
659 2154 762 2211 opinatio
781 2168 855 2210 neque
872 2153 1000 2197 nescientia

150 2234 273 2290 competit
285 2233 317 2276 sic
329 2233 420 2289 spiritui
432 2238 515 2283 creato,
529 2233 552 2275 in
560 2233 611 2275 suis
623 2233 768 2275 naturalibus
781 2233 932 2283 considerato,
946 2232 1000 2275 sim-

149 2313 208 2369 ·plex
224 2312 318 2369 quidem
334 2311 460 2354 nescientia
476 2311 595 2368 competit,
614 2325 674 2355 error
687 2315 765 2354 autem
777 2311 814 2354 vel
831 2310 935 2367 opinatio
953 2324 1000 2353 non

153 2391 263 2433 videntur
282 2380 431 2446 competere?

179 2543 195 2571 1.Ἰ
209 2533 287 2565 Habent
296 2532 380 2574 plerique
390 2532 436 2564 editi
445 2532 500 2565 libri:
511 2544 518 2561 11
526 2532 545 2564 id
555 2532 604 2574 quod
615 2533 644 2563 est
653 2531 756 2574 opinatum¹
767 2531 907 2564 existimetur...
919 2542 931 2569 1,
942 2530 1000 2563 editio

152 2599 198 2621 vero
210 2589 299 2626 Leonina,
312 2590 334 2620 ut
345 2589 482 2631 descripsimus.
494 2581 595 2620 Nervosius
607 2587 638 2626 sic¹
651 2590 672 2620 ut
684 2590 733 2619 recte
744 2587 820 2620 Gardeil
830 2586 914 2620 advertit
925 2586 1012 2630 (epotas

152 2656 171 2688 i>-
183 2645 232 2687 alst

167 2710 194 2733 .·2.
208 2701 226 2733 S.
236 2701 319 2732 Triouns
330 2710 333 2732 z
344 2712 350 2729 1
360 2699 422 2732 Homo
430 2700 488 2732 habet
497 2699 623 2741 cognitionem
632 2700 770 2736 obumbratam,
780 2701 799 2730 et
808 2708 850 2731 cum
859 2699 943 2731 discursu
953 2698 1001 2729 veri-

152 2758 200 2790 tatis
211 2757 300 2789 notitiam
312 2758 430 2794 511111511111111,Ι
443 2756 491 2788 unde
503 2755 571 2788 accidit
583 2755 599 2787 ei
610 2755 705 2788 dubitatio
716 2757 735 2786 et
746 2755 868 2787 difficultas...
882 2755 918 2787 Sed
929 2755 949 2786 in
961 2754 1001 2786 Deo

153 2815 173 2845 et
179 2814 199 2846 in
205 2813 275 2854 angelis
282 2822 316 2844 suo
323 2812 379 2844 modo
386 2816 414 2844 est
421 2812 500 2855 simplex
507 2811 576 2843 notitia
581 2811 667 2843 veritatis
674 2812 744 2854 absque
751 2810 834 2843 discursu
841 2812 860 2842 et
866 2810 987 2853 inquisitione
996 2820 1000 2849 ;

153 2869 203 2902 unde
214 2879 252 2901 non
263 2868 315 2901 cadit
326 2868 346 2900 in
356 2868 383 2900 eis
394 2868 489 2900 dubitatio
500 2869 534 2900 aut
545 2867 644 2900 difficultas
655 2868 674 2899 in
686 2867 806 2899 discernendo
820 2867 850 2899 vel
860 2866 983 2898 iudicando...
994 2878 1001 2895 1

154 2926 188 2968 (De
201 2924 283 2962 Veritate,
293 2933 311 2965 q.
324 2933 351 2965 24,
361 2934 377 2956 a.
387 2924 411 2966 3).
426 2936 433 2953 1
442 2924 494 2957 Sicut
503 2923 557 2956 nobis
566 2933 604 2955 non
613 2925 676 2966 potest
685 2923 744 2955 inesse
754 2923 801 2954 talsa
811 2922 873 2965 opinio
883 2922 931 2954 circa
940 2920 1001 2963 prima

151 2980 244 3023 principia
255 2979 367 3012 naturaliter
378 2979 432 3012 nobis
441 2980 491 3016 nota¹
502 2979 530 3010 ita
543 2988 577 3011 nec
586 2979 651 3021 angelo
662 2980 726 3021 potest
742 2977 802 3009 inesse
814 2977 862 3009 ialsa
877 2977 939 3021 opinio
952 2977 1001 3009 circa

152 3046 285 3081 quaecumque
293 3046 342 3079 quae
350 3035 431 3068 naturali
438 3036 478 3068 eius
483 3035 585 3078 cognitioni
594 3036 696 3068 subsunt...
704 3035 793 3078 Quamvis
799 3036 862 3066 autern
871 3044 922 3067 mens
932 3034 971 3067 eius
976 3034 1002 3065 sit
