1948 3333
264 99 297 130 DE
313 97 457 129 APPETrrrvo
474 98 499 128 111
516 96 635 128 0111110111
844 83 872 136 63

27 241 93 292 citur,
109 244 135 283 ut
150 255 189 284 eae
205 240 354 298 apparentiae
369 254 427 296 quae
442 239 505 297 prius
520 242 561 296 pro
576 252 624 281 una
638 240 704 294 parte
719 237 794 279 iacere
809 236 873 279 vide-

27 321 120 370 bantur,
137 319 268 376 diligentius
284 323 426 376 penetratae,
443 319 481 362 vel
497 318 574 361 nullae
592 316 686 360 omnino
703 330 759 366 esse,
777 315 815 359 vel
831 328 874 371 pro

28 398 101 441 altera
112 402 178 454 parte
190 398 263 441 lacere
275 398 447 455 conspiciuntur
460 412 464 441 :
477 401 532 440 tunc
544 410 591 439 una
602 395 757 452 probabilitas
768 394 874 438 totaliter

27 478 51 520 in
70 477 167 522 alteram
186 477 323 520 evanescit1.
344 476 441 534 Quando
460 480 538 519 autem
556 475 588 518 sic
606 478 701 517 tantum
719 472 773 516 sunt
793 472 874 515 homo·
916 500 917 503 =

27 569 111 612 geneae
123 555 307 612 probabilitates.
321 559 346 597 ut
363 555 446 597 ambae
462 570 481 598 e.
495 569 515 611 g.
532 569 561 597 ex
574 553 713 598 auctoritate
725 552 872 608 scriptorum,

27 637 189 677 sanctorumve
209 616 320 690 exemplis
341 634 525 690 depromantur„
541 622 605 683 tunc,
632 631 725 675 etiamsi
754 630 875 673 inhibetur

28 726 141 764 assensus,
154 713 286 755 nullatenus
298 716 377 755 tamen
389 712 449 757 inter
460 726 483 754 se
495 710 673 768 probabilitates
685 709 811 760 eliduntur,
833 709 874 751 sed

27 791 132 834 desinens
147 791 216 833 homo
230 790 380 847 probabiliter
394 804 535 847 cognoscere,
550 789 625 846 pergit
639 802 775 845 cognoscere
789 787 874 844 proba-

27 869 137 920 bilitates,
154 873 179 912 ut
195 883 265 926 supra
280 869 388 912 diximus.

426 1034 469 1080 §5-

276 1170 311 1207 De
320 1169 453 1216 appetitivo
468 1169 492 1206 in
507 1168 616 1225 opinione

57 1295 123 1339 Dicet
145 1296 242 1338 tortasse
263 1296 321 1352 quis,
344 1296 568 1352 argumentationem
588 1309 660 1351 supra
680 1295 776 1345 iactam,
798 1294 875 1338 multo

28 1373 81 1431 plus
107 1388 177 1432 quam
194 1378 300 1431 oporteat
327 1389 350 1419 re
367 1388 422 1419 vera
439 1374 543 1431 probare.
562 1370 624 1417 Nam
641 1373 660 1416 si
678 1388 707 1416 ex
724 1372 875 1418 correlatione

28 1466 82 1495 cum
96 1453 198 1508 quadarn
211 1453 360 1509 dispositione
373 1453 496 1506 sensitivae
509 1452 590 1509 partis
603 1452 682 1508 aliqua
694 1451 810 1495 sententia
822 1464 875 1507 pro-

28 1530 111 1573 babilis
127 1531 217 1582 dicitur,
233 1535 255 1574 et
270 1531 289 1574 si
303 1535 426 1588 propterea
440 1531 568 1576 contrariae
582 1530 761 1587 probabilitates
776 1530 836 1574 inter
850 1543 875 1572 se

29 1623 75 1651 non
94 1609 217 1660 eliduntur.
236 1610 336 1666 legitime
357 1609 450 1654 videtur
471 1610 523 1652 inde
545 1607 617 1665 sequi.
642 1623 722 1651 omnes
746 1608 874 1651 sententias

29 1701 127 1743 quarum
142 1688 262 1744 oppositae
277 1687 345 1744 plane
359 1691 435 1733 certae
449 1702 496 1730 non
505 1688 649 1739 sint,esseac
659 1701 776 1730 remanere
791 1687 876 1743 proba-

28 1765 93 1817 biles,
110 1769 324 1822 quantumcumque
340 1766 363 1808 in
378 1767 544 1823 probabilitate
560 1766 709 1817 excedantur,
727 1769 749 1809 et
767 1764 874 1821 quamvis

27 1844 129 1887 tenuiter
140 1844 186 1886 sint
198 1844 262 1901 ipsae
274 1845 412 1901 probabiles
426 1846 521 1901 Semper
539 1845 600 1888 enim
618 1845 704 1901 poterit
717 1844 813 1901 cogitari
828 1843 875 1886 dis-

28 1922 112 1978 positio
125 1923 236 1966 sensitiva
250 1923 387 1974 huiusmodi,
402 1927 428 1965 ut
443 1923 493 1979 quis
507 1923 531 1966 in
544 1938 571 1966 ea
583 1923 726 1965 constitutus
741 1937 754 1965 a
766 1922 810 1965 tali
822 1935 875 1979 pro-

28 2000 156 2045 babilitatis
169 2001 305 2057 apparentia
315 2001 422 2046 trahatur
434 2002 464 2044 ad
476 2015 603 2045 assensum.
616 2001 673 2045 Aliis
684 2001 769 2052 verbis.
782 2001 876 2045 videtur

29 2093 58 2121 ex
68 2079 156 2123 tradita
167 2080 272 2122 doctrina
283 2080 344 2122 idem
358 2080 406 2122 fieri
418 2094 446 2123 ex
456 2080 566 2137 probabili
577 2083 600 2123 et
613 2079 724 2137 opinabili
731 2080 745 2122 2.
755 2080 782 2123 Id
795 2083 874 2122 autem

28 2157 151 2200 laxitatem
164 2158 259 2209 inducit,
274 2162 300 2200 ut
313 2158 393 2201 statim
406 2173 446 2215 per
459 2172 482 2201 se
495 2159 575 2214 liquet,
590 2162 613 2201 et
627 2162 652 2201 ut
667 2158 768 2201 habetur
780 2158 876 2214 insuper

30 2250 59 2278 ex
73 2236 263 2279 condemnatione
278 2251 343 2293 prop.
359 2244 395 2291 320
409 2251 438 2280 ex
452 2236 480 2290 65
495 2237 625 2280 Innocentii
640 2238 675 2280 Xl
693 2250 696 2280 :
713 2236 873 2286 «Generatim,

30 2314 87 2356 dum
107 2314 272 2370 probabilitate
292 2315 340 2358 sive
360 2315 484 2358 intrinseca
503 2316 551 2358 sive
571 2315 702 2358 extrinseca
722 2314 875 2371 quantumvis

29 2393 100 2443 tenui,
115 2394 184 2436 modo
199 2408 213 2436 a
226 2394 397 2450 probabilitatis
413 2394 498 2438 finibus
512 2408 559 2437 non
573 2398 675 2445 exeatur,
689 2393 772 2436 confisi
787 2392 876 2449 aliquid

30 2470 126 2527 agimus,
145 2485 235 2528 semper
252 2473 377 2529 prudenter
395 2462 501 2529 agimu53.
519 2490 528 2514 1)
549 2473 628 2529 (Denz.
649 2472 722 2528 1153).

55 2623 69 2645 1.
84 2613 143 2645 Aliter
157 2613 223 2652 Fums.
239 2618 267 2657 op.
283 2614 319 2653 cil..
334 2625 353 2657 p.
370 2624 408 2656 195.

54 2678 69 2701 2.
84 2682 91 2699 1
100 2670 155 2712 Apud
164 2671 249 2702 doctores
257 2671 363 2709 catholicos,
372 2671 528 2713 probabilitatum
536 2673 631 2714 patronos,
641 2671 735 2714 opinabile
743 2671 804 2713 reipsa
812 2671 876 2703 differt

29 2733 41 2756 a
54 2726 147 2767 probabili
160 2727 252 2768 tanquam
266 2736 323 2768 genus
337 2737 349 2758 a
363 2727 468 2759 differentia
476 2737 480 2766 ;
496 2727 587 2760 dividitur
601 2727 684 2769 legitime
698 2737 732 2770 per
745 2727 842 2770 probabile
856 2728 876 2758 et

32 2780 194 2823 improbabile...»
212 2783 311 2824 (Espnnzx,
327 2783 353 2815 De
370 2793 405 2815 usu
420 2783 468 2816 licito
485 2783 578 2826 opinionis
593 2783 698 2826 probabilis.
715 2783 822 2826 Appendix.
839 2783 875 2825 Ap.

29 2835 97 2875 Furus,
112 2841 140 2880 op.
155 2838 190 2876 cil..
205 2849 222 2881 p.
239 2839 285 2880 160).

56 2901 72 2932 3.
87 2894 138 2925 Haec
152 2894 254 2936 propositio
268 2896 308 2926 erat
326 2894 408 2927 Thomae
422 2895 543 2934 Taununnrr,
562 2896 612 2933 Itali,
634 2896 651 2928 S.
672 2894 687 2928 I.
711 2895 834 2938 (1591-1675)y
855 2894 875 2926 in

30 2957 63 2980 sua
83 2950 208 2992 Explicollone
229 2951 311 2993 decalogi,
332 2951 344 2983 l.
358 2951 373 2989 1,
387 2960 402 2983 c.
418 2961 433 2992 3,
451 2953 458 2992 §
472 2962 488 2992 3,
502 2962 520 2984 n.
535 2961 550 2992 3.
569 2952 709 2994 Propositiones
722 2953 744 2993 65
759 2962 770 2984 a
783 2951 875 2983 Pontifice

30 3004 145 3038 damnantur
166 3006 229 3038 «sicut
249 3007 316 3046 iacent,
337 3009 358 3039 ut
378 3007 476 3039 minimum
496 3009 589 3050 tanquam
608 3008 730 3040 scandalosae
750 3010 769 3040 et
788 3008 808 3039 in
821 3007 876 3050 praxi
