2068 3413
121 150 149 193 28
345 162 513 204 QUAESTIONES
529 163 562 194 DE
578 162 741 195 CONSCIENTIA
783 138 787 155 ι

120 302 144 345 in
154 302 237 345 mentis
248 302 356 347 habiturn
366 304 466 356 transiit,
477 304 624 361 periculosior
635 308 669 348 est
680 305 819 348 conscientia
829 305 970 362 scrupulosa.

121 395 191 438 quarn
199 381 219 424 si
227 381 255 424 de
265 395 311 425 uno
320 382 430 439 singulari
440 386 493 425 actu
502 382 613 426 iudicium
622 383 751 440 perturbat.
761 384 818 429 Vide
829 384 850 427 S.
860 382 969 441 Alphen-

120 473 178 511 sum,
196 473 218 503 n.
238 472 310 517 11-19,
329 464 352 503 et
370 464 467 505 ascetas

149 618 176 661 V.
199 617 355 660 Conscientiae
376 618 523 674 scrupulosae
544 618 596 661 laxa
616 617 750 675 opponitur,
772 633 831 678 quae
852 619 882 662 ob
902 617 968 661 levia

119 694 209 738 motiva
222 686 269 737 sine
292 695 426 741 rationabili
440 696 591 739 fundamento
606 696 694 740 iudicat
709 710 756 740 non
770 711 818 740 esse
832 700 962 754 peccatum,

119 774 157 818 vel
173 787 219 816 non
235 787 283 817 esse
300 788 370 831 grave
386 778 515 831 peccatum,
526 774 566 817 ubi
584 789 608 820 re
625 788 681 819 vera
700 777 773 819 adest.
791 775 892 820 Pertinet
912 775 968 832 ipsa.

119 851 197 903 etiam,
212 855 234 895 et
250 856 344 910 quaest
359 852 492 904 habitualis,
507 856 529 896 et
539 852 660 905 interdum
675 868 722 912 qua
736 854 839 905 actualis,
856 855 885 898 ad
899 854 967 910 igno*

119 918 219 973 rantiam
234 930 373 982 vincibilem,
392 931 503 988 adestque
523 931 634 989 obligatio
650 945 702 975 earn
716 932 854 989 deponendi,
870 932 962 976 etiarnsi

119 1009 268 1065 deprehendit
284 1010 354 1052 homo
370 1023 393 1052 se
409 1010 445 1053 hic
460 1011 497 1054 vel
511 1009 557 1052 illic
572 1025 652 1054 novam
666 1010 760 1066 culpam
774 1025 820 1053 non
835 1011 961 1062 admisisse,

118 1091 213 1144 propter
226 1087 381 1144 ignorantiam
395 1088 418 1130 in
432 1103 502 1132 causa
515 1083 661 1145 culpabilem,
676 1089 716 1131 sed
731 1089 853 1133 actualiter
866 1088 965 1132 invinci-

119 1165 195 1209 bilem.
437 1169 439 1173 '

148 1246 178 1288 N.
193 1246 219 1288 B.
234 1244 355 1289 -Sciunt
369 1246 494 1301 prudentes
508 1245 646 1297 confessarii,
660 1245 684 1288 in
699 1245 788 1289 iudiciis
801 1246 964 1297 conscientiae,

118 1336 186 1379 saepe
195 1322 307 1379 implicita
317 1324 347 1366 ab
356 1323 471 1380 explicitis
480 1338 528 1367 esse
537 1324 708 1381 distinguenda.
719 1324 777 1368 Fieri
786 1338 821 1367 ex.
833 1337 864 1380 gr.
875 1327 960 1381 potest,

118 1404 145 1443 ut
157 1401 310 1457 scrupulosus,
323 1401 361 1445 vel
372 1401 488 1458 puerulus,
501 1402 563 1464 dicat
574 1417 598 1445 se
610 1403 640 1445 ad
652 1416 710 1459 opus
722 1402 856 1460 processisse
868 1417 897 1445 ex
908 1416 964 1445 con-=

118 1479 214 1522 scientia
228 1480 365 1536 prohibente
380 1480 417 1523 vel
432 1481 510 1532 dubia,
525 1494 578 1525 cunr
592 1484 673 1524 tamen
687 1480 768 1524 intime
782 1480 884 1533 senserit,
900 1481 961 1525 inira

118 1558 290 1601 dubitationum
304 1559 341 1603 vel
354 1549 541 1615 argumentorum
553 1559 707 1616 superficiem,
721 1573 769 1603 rem
780 1558 824 1602 sibi
836 1558 909 1602 licere.
925 1559 964 1603 Sic

118 1650 137 1679 e.
155 1650 175 1693 g.
192 1636 220 1679 de
237 1650 329 1680 accessu
346 1637 376 1679 ad
393 1637 563 1680 Eucharistiam
579 1638 603 1680 in
620 1637 767 1693 quibusdam,
785 1637 863 1694 quise
879 1641 965 1694 postea,

117 1714 228 1771 sacrilegii
244 1718 361 1758 accusant.

515 1862 558 1909 §4-

310 1981 345 2018 De
359 1979 410 2017 loco
427 1981 449 2018 S.
463 1980 536 2025 Pauli,
552 1981 582 2018 ad
595 1981 715 2018 Romanos
730 1989 755 2026 14

147 2105 261 2163 Principia
272 2121 331 2163 quae
343 2107 371 2149 de
383 2107 522 2150 conscientia
532 2110 602 2158 recta,
615 2120 716 2157 erronea,
729 2106 800 2150 dubia
810 2105 958 2157 tradidimus,

116 2188 170 2242 apte
179 2184 331 2236 illustrantur,
342 2185 413 2227 immo
423 2185 549 2242 theologice
558 2186 688 2241 probantur
697 2198 726 2227 ex
734 2185 783 2229 loco
789 2188 848 2245 noto
859 2185 880 2228 S.
893 2183 960 2238 Pauli

116 2264 146 2306 ad
166 2264 281 2306 Romanos
302 2276 336 2319 14,
356 2264 385 2306 de
403 2263 588 2320 idolothytorum
606 2263 792 2306 manducatione.
812 2263 849 2306 Ad
867 2266 959 2307 contro-

115 2341 203 2386 versiae
213 2327 335 2387 materiam
347 2342 409 2399 quod
421 2342 512 2393 attinet,
524 2341 557 2384 cir
568 2355 582 2385 r
594 2343 652 2393 Coa,
664 2341 724 2393 8-10,
737 2343 799 2393 Prat,
811 2341 845 2384 La
855 2340 961 2398 theologie

116 2420 141 2462 de
151 2420 210 2463 salai
219 2421 285 2471 Pani,
296 2423 313 2463 t.
325 2421 343 2471 I,
355 2434 377 2476 p.
387 2420 488 2476 157-162.
500 2420 627 2477 Praecipua
636 2433 691 2464 cura
697 2419 803 2477 Apostoli
812 2419 836 2462 in
846 2432 872 2461 eo
881 2415 961 2464 versa-
1018 2456 1019 2459 ,

114 2502 159 2549 tur,
176 2502 202 2541 ut
218 2499 333 2549 ostendat,
359 2512 406 2540 non
421 2499 499 2541 omnia
513 2498 537 2540 in
552 2498 649 2542 scientia
664 2511 713 2541 esse
728 2498 779 2549 sita,
795 2498 842 2549 sed,
865 2500 961 2555 praeter

114 2580 202 2619 rectam
225 2576 256 2621 rei
279 2576 442 2634 cognitionem,
466 2576 592 2620 maximam
616 2591 665 2620 esse
688 2576 801 2620 rationem
825 2575 958 2619 habendam

114 2655 217 2698 scandali
227 2654 385 2711 parvulorum.
399 2656 462 2712 Quae
473 2656 503 2698 ad
514 2655 679 2699 conscientiam
690 2654 817 2699 formaliter
827 2657 959 2710 spectatam

113 2733 236 2790 pertinent,
253 2733 481 2790 comprehenduntur
496 2748 518 2777 v.
536 2746 563 2787 23
581 2748 585 2778 :
602 2731 613 2776 ὁ
633 2728 654 2776 δὲ
674 2728 826 2795 διακρινόμενος
842 2728 876 2774 ἐὰν
893 2728 960 2795 φάγῃ

113 2809 267 2874 ΚᾱΤᾱΚΕΙΚρίΤαΙ,
287 2808 321 2854 ὅΤὶ
338 2809 374 2854 0le
393 2808 415 2853 ἐκ
431 2809 528 2858 niman*
547 2809 589 2855 πᾶν
606 2807 653 2855 δὲὸ
671 2810 707 2855 ΟῠΚ
723 2808 845 2857 Ε’ΚῙΤΓίΙσΤΕως
860 2807 957 2872 ἁμαρΤία

114 2888 178 2936 ἐστίν,
201 2891 246 2935 Ubi
266 2887 420 2952 διακρινόμενος
440 2891 554 2948 significat
573 2906 627 2941 non,
646 2894 673 2933 ut
690 2889 790 2947 Vulgata
806 2890 876 2932 habet
896 2904 900 2933 :
918 2889 960 2947 qni

114 2970 223 3021 discernit,
240 2970 293 3013 sed:
311 2969 350 3026 qai
366 2969 456 3013 dabitat.
464 2966 581 3031 Διαιρίνειν
591 2969 653 3027 enim
666 2968 744 3012 activa
755 2982 811 3012 voce
823 2967 871 3011 vim
884 2968 959 3011 habet

113 3045 255 3091 dilucidandi
268 3047 325 3105 (Mt,
341 3047 374 3099 rb,
388 3060 402 3102 3
414 3061 418 3099 ;
432 3049 487 3100 Act,
503 3057 536 3103 15,
551 3061 579 3104 9;
596 3062 610 3091 r
623 3049 680 3099 Coa,
693 3059 714 3103 4,
726 3059 740 3104 7
751 3050 774 3090 et
786 3046 806 3098 6,
819 3046 840 3104 5)
852 3060 857 3099 ;
870 3033 957 3097 media,
