2068 3413
89 120 117 178 78
312 133 482 176 ouansrronas
498 135 531 167 oa
547 133 708 167 consciarum

88 274 237 332 probabilem,
250 275 388 331 confessario
400 290 455 320 vero
467 291 514 320 non
525 273 674 334 probabilem,
686 277 724 320 vel
735 275 838 322 tenuiter
849 276 932 334 proba-

88 353 164 397 bilem.
179 353 221 410 (De
233 354 268 397 his
281 355 455 411 quaestionibus
468 356 515 412 agit
528 355 666 407 Lehmkuhl,
679 359 713 412 op.
727 355 770 406 cir,
784 354 825 407 11⁰,
843 370 866 399 n.
881 354 932 398 116-

90 432 138 482 118,
152 433 293 484 Beaudouin,
309 438 344 491 op.
360 433 403 485 cit,
418 449 440 491 p.
457 434 568 490 140-141l.
584 433 706 478 Evanescit
721 434 782 477 enim
797 433 930 478 huiusmodi

88 509 212 562 distinctio,
230 525 289 567 quae
305 512 466 569 perplexitatis
482 526 553 556 causa
567 512 591 555 in
607 512 650 555 hac
665 512 764 558 materia
780 526 829 556 esse
845 515 932 570 potest,

88 588 108 632 si
124 589 275 635 confessarius
292 590 421 647 perspicere
438 590 510 643 videt,
528 591 572 635 sibi
589 591 619 635 ob
641 590 783 648 praeiudicia
802 590 933 634 subiectiva

88 668 204 712 moraliter
215 668 370 713 indifferentia
380 669 501 727 displicere
512 669 642 727 opinionem
654 683 725 727 quam
737 668 777 713 alii
788 669 933 727 probabilem

88 746 190 789 habeant
202 761 206 790 1
216 750 272 790 tunc
282 747 419 805 itaquenon
428 748 497 792 debet
507 762 574 791 suam
583 748 700 805 imponere
709 747 847 805 poenitenti,
858 761 933 804 neque

88 824 112 867 in
126 824 169 868 hoc
182 825 230 868 ulla
241 828 276 869 est
289 825 437 878 inordinatio,
451 840 505 869 curn
517 827 643 870 secundum
656 826 807 884 hypothesim
820 829 932 877 nostram,

90 903 188 948 alteram
201 917 254 949 vere
267 904 350 948 indicet
362 918 412 948 esse
425 905 576 962 probabilem.
592 905 658 963 Quod
671 905 690 948 si
704 905 857 950 confessarius
871 898 934 950 certo

89 982 172 1024 lalsam
191 981 303 1027 iudicaret
323 996 372 1027 esse
391 972 522 1040 opinionem
542 997 612 1039 quam
631 982 750 1041 paenitens
769 983 835 1041 sequi
854 982 932 1034 vellet,

90 1060 240 1117 nequiretque
262 1075 315 1104 eum
338 1077 352 1104 a
372 1062 489 1105 sententia
509 1061 632 1113 dimovere,
654 1065 710 1105 tunc
732 1061 849 1119 agendum
872 1064 932 1104 esset

89 1140 215 1183 secundum
228 1140 318 1197 regulas
332 1140 395 1185 tradi
407 1139 488 1183 solitas
502 1141 530 1184 de
544 1154 617 1186 errore
630 1140 732 1184 vincibili
745 1140 784 1184 vel
796 1139 933 1183 invincibili.
989 1169 992 1172 -

90 1217 148 1263 Fieri
165 1218 263 1274 denique
280 1221 366 1275 potest,
385 1222 411 1261 ut
429 1218 580 1264 confessarius
598 1218 715 1277 pervidere
732 1221 833 1275 nequeat
851 1220 932 1263 utrum

88 1299 183 1357 propter
194 1296 361 1353 praeiudicium
372 1297 528 1341 subiectivum
540 1311 569 1340 an
580 1301 675 1355 propter
686 1296 734 1340 vim
745 1296 864 1343 rationum
875 1296 934 1340 bene

88 1378 240 1432 perspectam,
259 1366 344 1432 aliqua
354 1375 476 1427 sententia,
495 1375 545 1419 aliis
562 1375 695 1433 probabilis,
712 1375 756 1419 sibi
773 1374 934 1432 improbabilis

90 1456 208 1509 appareat.
229 1453 267 1497 Fit
286 1453 367 1510 itaque
386 1454 407 1497 ei
426 1453 490 1497 dicta
508 1453 623 1497 sententia
641 1452 783 1512 probabiliter
801 1452 929 1511 probabilis,

90 1534 159 1587 atque
168 1545 226 1588 opus
235 1546 283 1575 esse
292 1532 386 1576 videtur
395 1545 456 1576 novo
465 1531 577 1589 principio
585 1531 679 1577 reflexo.
690 1533 717 1575 In
726 1531 770 1575 hoc
779 1531 860 1588 itaque
868 1545 931 1583 casu,

90 1612 130 1653 aut
144 1609 229 1655 reilexe
242 1610 344 1656 iudicare
358 1614 436 1667 potest
451 1611 480 1654 de
494 1610 570 1656 radice
584 1610 713 1654 subiectiva
726 1610 762 1653 sui
776 1610 849 1662 dubiiy
864 1613 931 1666 puta,

88 1687 107 1731 si
120 1702 144 1731 se
157 1688 222 1731 novit
236 1702 285 1732 esse
298 1689 322 1731 in
335 1689 441 1732 subiecta
453 1688 551 1733 materia
564 1689 594 1732 ad
607 1688 726 1746 scrupulos
739 1701 847 1746 pronum,
862 1690 885 1731 et
899 1687 931 1730 sic

88 1766 277 1824 probabilitatem
293 1767 317 1810 in
333 1767 497 1812 certitudinem
512 1781 590 1813 rursus
606 1771 683 1824 potest
699 1766 872 1817 transformare,
891 1769 931 1809 aut
975 1829 976 1832 Ἴ

88 1844 112 1887 id
124 1845 210 1889 efficere
222 1845 309 1903 nequit,
322 1849 345 1889 et
357 1845 389 1888 sic
402 1847 432 1889 ad
444 1859 502 1902 opus
513 1846 634 1903 procedere
647 1845 669 1902 (i.
682 1859 701 1889 e.
713 1844 854 1888 sententiam
866 1858 932 1901 prac-

88 1922 133 1967 tice
146 1924 262 1982 amplecti)
276 1924 357 1981 nequit
373 1938 377 1968 :
391 1938 455 1967 secus
469 1924 530 1967 enim
543 1927 619 1981 ageret
632 1937 685 1966 cum
697 1923 838 1966 conscientia
850 1922 931 1966 dubia.

86 2080 88 2085 ’
118 2082 162 2124 Ill.
175 2082 293 2140 Quaerunt
304 2081 377 2125 etiam
388 2082 511 2139 scriptores
522 2095 579 2124 num
589 2081 657 2124 liceat
668 2081 727 2125 inter
738 2080 870 2137 complures
881 2079 932 2137 opi-

88 2159 166 2203 niones
177 2159 307 2216 probabiles
318 2160 389 2203 modo
401 2160 467 2211 hanc,
479 2160 548 2212 modo
559 2159 623 2203 illam
633 2158 698 2216 sequi
716 2158 865 2215 (Lehmkuhl,
878 2158 892 2201 l.
905 2172 930 2210 c,

88 2253 111 2295 p.
129 2248 223 2293 114-115
235 2252 239 2291 ;
253 2238 398 2290 Beaudouin,
415 2243 450 2296 op.
467 2238 510 2290 cit,
526 2253 549 2295 p.
566 2237 624 2294 141).
641 2254 650 2278 v
660 2238 797 2294 Respondeo
813 2236 928 2294 negative,

90 2315 124 2375 ait
136 2317 277 2367 Beaudouin‚
292 2316 317 2358 in
330 2317 447 2360 sententia
462 2315 694 2373 aequiprobabilismi,
711 2315 765 2372 quia
779 2315 803 2357 in
817 2328 931 2358 concursu

88 2394 223 2451 opinionum
238 2394 470 2451 aequiprobabilium
486 2397 577 2451 partem
591 2393 701 2439 tutiorem
716 2393 753 2436 cui
767 2392 832 2436 favet
847 2392 931 2435 titulus

88 2472 237 2530 possessionis
249 2473 314 2531 sequi
327 2476 440 2519 tenemur.
453 2490 461 2513 n
474 2473 596 2517 Affirmant
609 2486 663 2517 vero
675 2470 842 2529 probabilistae
855 2470 931 2522 multi,

89 2552 151 2608 quod
159 2550 230 2595 etiam
239 2552 332 2596 videtur
341 2551 365 2595 in
374 2555 455 2594 nostra
462 2550 577 2594 sententia
585 2550 723 2593 faciendum.
733 2551 795 2593 Nam
804 2563 858 2592 cum
867 2549 932 2592 nulla

88 2629 208 2686 dispositio
221 2628 332 2673 sensitiva
344 2630 463 2675 moraliter
475 2629 606 2674 indifferens
618 2628 642 2671 in
655 2642 760 2674 normam
773 2628 842 2671 officii
855 2641 932 2671 neces-

18 2694 20 2696 *
87 2708 172 2753 sariam
182 2708 237 2765 erigi
246 2708 440 2766 debeat,possum
450 2722 511 2751 nunc
521 2707 581 2751 hanc
591 2721 651 2750 nunc
660 2707 725 2750 illam
736 2706 842 2750 animalis
853 2705 932 2749 existi-

87 2787 172 2829 mantis
191 2787 352 2830 habitudinem
371 2787 401 2830 ad
420 2787 535 2843 agendum
553 2786 669 2843 amplecti.
688 2786 812 2843 Quaeritur
830 2798 929 2841 quoque,
976 2783 978 2785 ’
1019 2769 1022 2772 ‚

87 2879 143 2908 num
160 2865 227 2909 liceat
245 2865 269 2908 in
286 2880 334 2908 una
351 2865 479 2921 eademque
496 2879 520 2909 re
537 2864 657 2908 individua
673 2864 764 2907 duabus
783 2862 930 2920 opinionibus

87 2943 156 2987 simul
167 2943 208 2994 uti,
223 2945 252 2996 ad
265 2958 336 3002 quam
350 2943 510 3001 quaestionem
522 2943 660 3000 respondent
673 2955 752 2985 omnes
765 2941 883 2998 negative.¹
895 2940 931 2985 Sic

87 3035 133 3065 non
149 3009 215 3079 potes
233 3037 261 3065 ex
277 3026 420 3066 testamento
437 3021 530 3066 iniormi
548 3022 648 3079 accipere
666 3019 841 3071 haereditatem,
860 3033 930 3062 onera
