1948 3333
281 94 314 125 DE
330 93 494 125 CONSCIENTIA
509 92 625 124 ERRONEA
848 92 875 134 23

31 242 127 301 putatur
136 237 166 281 ad
175 236 267 292 culpam
277 234 381 277 detectus
396 234 499 277 caritatis
509 248 549 277 seu
558 233 644 291 gratiae
659 232 795 289 (debuerunt
812 232 874 275 enim

30 336 54 365 se
69 319 99 362 ad
114 320 189 361 Deum
200 314 311 364 ordinare,
327 316 350 356 et
361 313 393 356 sic
405 313 513 369 consequi
524 312 651 360 caritatem,
668 311 701 354 cir
717 313 738 357 S.
750 311 872 363 Thomam,

33 407 57 443 1a
74 403 116 447 2²0,
133 408 155 452 q.
177 394 211 450 89,
227 407 247 435 a.
262 392 282 443 6,
303 391 356 449 etc.)
376 392 416 435 sed
434 405 479 434 non
494 395 554 437 recte
568 391 722 448 imputaretur
736 390 766 433 ad
780 390 873 447 culpam

31 476 134 521 delectus
147 473 184 516 ille
200 470 276 528 (error)
288 470 328 529 qui
341 475 364 514 et
378 470 518 527 supponitur
528 470 615 513 viribus
629 473 726 514 naturae
735 483 784 512 esse
798 468 873 511 invin-

29 553 111 603 cibilis,
130 554 152 594 et
179 550 230 607 ipsa
253 549 431 606 superveniente
448 549 545 591 caritate
565 548 589 590 in
605 547 722 605 praesenti
739 547 874 590 oeconomia

30 646 70 691 per
87 645 110 673 se
127 643 173 672 non
190 628 285 671 tollitur.
303 630 338 671 De
355 627 419 670 omni
436 627 506 684 igitur
527 627 569 669 tali
589 626 719 683 ignorantia
745 625 874 669 invincibili

30 709 159 766 dicendum,
175 707 237 763 quod
256 707 277 750 S.
290 706 391 749 Thomas
403 706 459 749 dicit
471 706 499 748 de
511 705 649 748 infidelitate
661 718 747 756 eorum,
765 704 804 760 qui
815 704 875 747 nihil

30 790 59 832 de
82 787 171 831 Christo
190 785 311 828 audierunt
329 799 333 828 :
355 795 418 828 tracon
435 784 497 827 lubet
515 784 622 827 rationem
640 783 729 841 peccati,
744 783 785 826 sed
799 783 873 839 magis

30 880 124 924 poenae,
140 864 194 920 quia
207 863 261 906 talis
272 863 403 919 ignorantia
417 862 548 906 divinorum
557 877 586 905 ex
599 866 694 919 peccato
708 861 777 918 primi
791 875 873 918 paren-

29 946 60 987 tis
75 945 198 986 consecuta
211 945 246 985 est
258 959 266 982 l)
286 940 320 997 (2a
334 949 377 992 2³0,
395 955 416 996 q.
435 954 468 992 ro,
485 955 505 984 a.
523 942 551 997 r).

60 1023 117 1066 Curn
129 1024 206 1063 autem
217 1023 314 1071 constet,
327 1034 380 1063 eum
392 1020 431 1076 qui
442 1024 522 1065 contra
533 1019 696 1062 conscientiam
707 1018 873 1062 invincibiliter

30 1113 148 1144 erroneam
157 1102 269 1155 operetur,
280 1112 382 1155 peccare,
393 1098 511 1154 quaeritur
520 1099 591 1141 etiam
600 1112 656 1140 num
665 1098 684 1140 is
695 1097 734 1156 qui
743 1097 872 1140 secundum

30 1193 81 1222 eam
101 1181 161 1234 agat,
181 1191 227 1219 non
246 1180 340 1219 tantum
360 1192 373 1219 a
392 1180 487 1234 peccato
508 1181 625 1227 excusetur,
646 1177 686 1219 sed
705 1176 779 1233 possit
800 1176 871 1218 etiam

30 1256 113 1301 merari.
129 1256 156 1299 ld
170 1255 263 1298 videtur
277 1255 371 1310 omnino
386 1255 556 1298 affirmandum.
572 1257 632 1298 Nam
646 1254 720 1311 primo
736 1254 837 1311 quidem,
852 1254 872 1296 si

30 1349 91 1378 error
104 1334 241 1377 invincibilis
256 1337 290 1376 est
306 1334 363 1376 circo
377 1334 442 1388 lucto,
457 1347 492 1376 res
506 1337 541 1376 est
555 1348 596 1390 per
609 1347 633 1376 se
647 1333 784 1389 perspicua:
803 1346 871 1375 nemo

31 1428 65 1456 ex.
85 1427 116 1469 gr.
136 1412 203 1463 dicet,
222 1403 319 1468 puerum
339 1412 378 1468 qui
397 1412 505 1455 oboediat
524 1412 544 1454 ei
563 1426 631 1468 quem
650 1425 723 1456 errore
742 1411 871 1454 invincibili

29 1491 101 1534 credit
116 1504 164 1533 esse
178 1494 274 1547 patrem,
290 1491 399 1535 meritum
416 1490 491 1532 filialis
506 1490 665 1533 oboedientiae
679 1504 726 1532 non
740 1489 850 1545 consequi
866 1503 871 1532 t

29 1569 102 1613 fertur
118 1569 178 1612 enim
193 1568 241 1611 eius
256 1569 365 1611 voluntas
382 1569 406 1611 in
421 1569 508 1612 bonum
525 1569 592 1611 huius
607 1568 701 1611 virtutis
717 1571 831 1624 tanquam
847 1567 871 1610 in

32 1648 107 1697 finem,
126 1647 176 1690 finis
193 1651 271 1690 autem
286 1647 372 1692 tribuit.
384 1647 483 1690 formam
498 1647 615 1690 voluntati
637 1646 677 1703 (cir
693 1654 719 1691 2a
734 1654 777 1697 2²¹0,
795 1660 816 1702 q.
834 1659 869 1700 23,

33 1740 53 1769 a.
67 1726 87 1776 8,
103 1732 128 1768 rt
140 1732 182 1776 22¹³,
197 1739 218 1781 q.
234 1727 267 1776 18,
282 1740 302 1769 a.
316 1725 346 1784 7).
362 1726 406 1770 Sed
419 1726 519 1768 secundo
531 1726 609 1776 etiam,
627 1725 646 1768 si
659 1739 720 1770 error
732 1724 871 1768 invincibilis

33 1806 67 1845 est
79 1803 141 1859 circa
156 1804 199 1854 ias,
216 1803 288 1848 fertur
304 1804 413 1847 voluntas
429 1803 527 1847 hominis
544 1804 567 1846 in
582 1804 670 1846 bonurn
685 1803 740 1860 legis
756 1806 871 1859 tanquam

28 1881 52 1923 in
63 1881 138 1932 finem,
148 1885 171 1924 et
180 1883 243 1925 valet
252 1882 333 1925 eadem
342 1882 409 1927 ratio
419 1880 472 1925 Non
480 1886 515 1925 est
524 1886 603 1926 tamen
612 1882 780 1932 arbitrandum,
790 1895 870 1938 parem

28 1973 120 2015 prorsus
134 1974 182 2002 esse
196 1960 352 2003 condicionem
365 1961 477 2004 moralem
490 1960 538 2003 eius
552 1961 592 2019 qui
604 1960 769 2003 conscientiam
782 1963 870 2002 rectam

29 2038 138 2093 sequitur,
155 2041 178 2081 et
194 2038 241 2081 eius
258 2039 297 2094 qui
312 2039 476 2081 invincibiliter
491 2053 615 2084 erroneam.
633 2039 760 2095 Praecipua
776 2038 870 2094 quidem

28 2114 52 2156 in
62 2115 186 2159 moralibus
197 2120 231 2159 est
243 2117 364 2173 dispositio
375 2117 510 2168 voluntatis,
523 2117 552 2160 ad
564 2131 634 2173 quarn
645 2117 793 2173 consequitur
803 2117 870 2159 meri-

28 2193 80 2235 tum
93 2193 126 2249 (ut
137 2195 225 2237 dictum
235 2195 287 2252 est),
299 2196 361 2251 quod
372 2199 407 2238 est
418 2195 441 2237 in
452 2196 590 2251 unoquoque
600 2196 727 2238 secundum
737 2209 870 2239 mensuram

28 2271 138 2315 caritatis.
154 2273 204 2324 Sed,
217 2278 309 2330 praeter
321 2274 497 2330 dispositionem
510 2274 637 2318 voluntatis
651 2278 673 2317 ct
686 2274 807 2326 meritum,
817 2287 871 2315 con-

28 2348 149 2393 sideranda
168 2355 202 2394 est
222 2352 293 2395 etiam
312 2352 434 2409 dispositio
454 2352 533 2404 totius,
554 2356 580 2395 ut
599 2353 631 2395 sic
650 2353 733 2403 dicam,
754 2352 870 2394 humanae

28 2427 154 2480 machinae,
167 2430 230 2472 cuius
242 2433 305 2473 recta
316 2431 431 2473 habitudo
442 2444 466 2473 se
478 2430 548 2473 habet
560 2431 584 2473 in
595 2431 720 2474 moralibus
732 2431 762 2474 ad
773 2431 870 2473 modum

29 2506 166 2550 condicionis
196 2509 304 2559 exercitii,
332 2509 391 2551 sicut
421 2506 475 2551 alibi
500 2510 641 2565 explicatum
667 2512 708 2553 est.
737 2511 814 2560 Porro,
842 2509 868 2559 si,

27 2583 148 2628 voluntate
175 2590 238 2630 recta
265 2588 398 2638 exsistente,
426 2587 527 2643 reliquae
546 2587 660 2630 humanae
690 2588 749 2631 vires
769 2601 816 2629 non
846 2601 870 2630 se

29 2659 115 2704 habent
126 2664 272 2708 conformiter
282 2666 376 2710 veritati
387 2665 472 2708 ordinis
483 2666 599 2717 obiectivi,
611 2666 669 2708 sicut
683 2667 709 2708 fit
720 2666 744 2708 in
754 2666 870 2708 conscien-

29 2738 62 2780 tia
76 2739 237 2786 invincibiliter
250 2758 350 2795 erronea,
365 2744 389 2787 id
403 2748 480 2800 potest
494 2744 518 2786 in
531 2745 652 2787 discrimen
667 2745 780 2787 adducere
794 2744 870 2800 ipsam

30 2817 191 2863 rectitudinem
211 2822 346 2873 voluntatis,
367 2823 412 2872 vel,
434 2823 606 2866 continuatione
627 2823 736 2879 quadam,
758 2823 870 2865 moralem

29 2894 222 2942 existimationem
238 2901 261 2942 in
277 2901 327 2943 aliis
343 2901 411 2945 rebus
427 2914 578 2957 corrumpere.
596 2903 638 2945 Ex.
655 2916 695 2958 gr,
711 2902 735 2943 in
751 2915 825 2946 errore
841 2902 870 2944 dc

30 2970 99 3024 iacto,
119 2975 137 3017 si
157 2978 207 3033 quis
227 2979 345 3022 consuevit
365 2978 536 3035 inculpabiliter
555 2980 661 3024 accedere
681 2980 710 3022 ad
730 2993 777 3022 non
795 2993 870 3030 suam,
