2068 3413
484 510 584 573 caput
600 510 637 553 m

347 675 386 719 De
413 675 606 721 Probabilismo
633 676 765 722 historice.

169 838 309 883 Conscientia
323 840 450 897 probabilis,
466 854 542 897 presse
556 841 680 900 loquendo,
695 841 760 884 nulla
773 844 815 892 est,
830 854 905 897 neque
919 843 986 883 tenet

137 917 198 960 ullus
211 918 339 961 catholicus
352 914 434 964 doctor
445 918 535 962 licitum
547 933 596 962 esse
609 919 698 962 homini
714 919 808 976 operari,
825 919 844 962 si
859 917 989 976 probabili-

137 999 212 1038 tatem
223 999 316 1039 tantum
328 997 414 1040 habeat
425 998 453 1041 de
464 997 564 1042 liceitate
576 997 673 1041 actionis
685 997 723 1040 hic
734 1002 756 1041 et
767 1011 827 1040 nune
838 997 960 1054 ponendae
969 999 984 1041 1.

139 1076 166 1117 ln
182 1088 225 1117 usu
241 1077 320 1118 tamen
336 1075 482 1132 scriptorum,
500 1092 509 1116 n
518 1076 658 1119 conscientia
673 1075 799 1133 probabilis
816 1078 858 1127 ese
871 1089 918 1133 qua
934 1075 989 1131 quis

137 1152 229 1196 innixus
242 1153 320 1212 aliqua
330 1144 438 1210 opinione
449 1154 569 1212 probabili,
580 1155 666 1200 format
678 1154 722 1198 sibi
728 1154 856 1212 practicum
866 1154 985 1197 dictamen

100 1257 103 1262 ·
138 1231 233 1276 rationis
255 1246 283 1274 ex
303 1232 371 1277 certis
392 1232 510 1289 principiis
531 1232 630 1284 reflexis,
652 1233 701 1276 sive
722 1232 932 1276 concomitantibus
955 1232 985 1275 ad

137 1309 199 1354 licite
211 1310 374 1367 operandum»
388 1310 417 1367 (S,
430 1311 570 1368 Alphonsus,
584 1312 597 1355 l.
611 1326 636 1363 c,
649 1326 672 1356 n.
685 1311 730 1369 40),
742 1311 786 1363 vel,
799 1311 899 1362 brevius,
914 1326 923 1349 n
932 1324 988 1367 pro*

137 1388 221 1432 babilis
233 1388 317 1433 dicitur
328 1389 469 1433 conscientia
479 1404 507 1433 ex
518 1389 626 1446 opinione
636 1389 778 1446 speculative
789 1389 905 1446 probabili
917 1402 983 1444 quae,

137 1466 254 1509 mediante
269 1467 383 1524 principio
398 1468 492 1520 reflexo,
507 1468 618 1513 indirecte
636 1469 663 1511 fit
678 1468 779 1525 practice
793 1470 857 1513 certa
870 1485 879 1508 >l
903 1466 988 1522 (Βεεω-Ι

137 1544 215 1597 douin,
233 1549 267 1602 op.
284 1546 327 1597 cii,
343 1561 366 1603 p.
383 1545 428 1603 65).
445 1546 589 1591 Conscientia
603 1546 674 1603 igitur
688 1545 779 1604 ‘proprie
794 1546 863 1596 dicta,
880 1545 917 1589 ie.
933 1544 987 1588 sen--
1013 1591 1014 1594 Ἴ

137 1623 212 1667 tentia
227 1624 255 1666 de
271 1624 315 1667 hac
332 1625 422 1668 actione
438 1626 552 1682 ponenda,
567 1639 659 1681 semper
674 1628 738 1670 certa
753 1638 801 1667 esse
817 1623 894 1674 debet,
911 1623 986 1666 etiam

136 1702 263 1745 secundum
277 1703 452 1747 Probabilistas.
466 1704 509 1747 Sed
521 1703 604 1749 nititur
616 1703 720 1761 opinioni
731 1702 852 1760 probabili,
865 1701 984 1745 mediante

136 1780 249 1837 principio
267 1780 362 1839 reflexo„
382 1781 483 1838 Aliquod
500 1781 640 1839 principium
658 1781 778 1832 reflexum,
798 1793 844 1837 quo
862 1781 988 1825 tolleretur·

136 1859 240 1915 practica
250 1859 375 1911 dubitatio
387 1860 435 1902 iam
446 1860 678 1905 commemoravimus
687 1860 731 1912 ubi
742 1860 769 1903 de
781 1858 921 1902 conscientia
932 1872 987 1914 per*

136 1937 211 1994 plexa.
227 1937 334 1982 Diximus
349 1938 411 1981 enim
426 1952 485 1990 eum,
497 1938 536 1998 qui
550 1939 642 1984 dubitet
658 1939 686 1982 de
700 1938 820 1993 utriusque
834 1937 909 1994 partis
923 1936 988 1980 licei--

137 2019 193 2067 tate,
212 2029 253 2058 nee
270 2016 368 2060 dubium
385 2017 466 2063 tollere
483 2017 567 2062 directe
585 2017 666 2074 possit,
685 2030 759 2072 neque
775 2015 911 2073 perspicere,
930 2018 984 2060 utra

136 2108 190 2150 pars
206 2094 236 2136 sit
252 2095 332 2146 tutior,
349 2096 487 2140 utrumlibet
506 2098 568 2140 recte
584 2094 683 2151 eligere:
702 2094 837 2151 pronuntiat
853 2093 916 2137 enim
932 2092 983 2149 ipse

137 2172 264 2215 eommunis
277 2173 399 2216 hominum
411 2187 497 2225 sensus,
511 2187 563 2217 eum
576 2173 616 2230 qui
628 2173 660 2216 sic
673 2176 734 2230 agat,
748 2186 794 2215 non
805 2186 907 2229 peccare,
921 2170 987 2230 iuni·
1001 2209 1004 2217 .

137 2264 179 2294 xiiis
191 2250 288 2294 videlicet
298 2251 412 2309 principio
424 2252 508 2307 reflexo,
521 2252 607 2295 nemini
618 2251 752 2296 incumbere
762 2250 873 2307 peccandi
885 2249 987 2292 necessi*

136 2332 210 2372 tatem
223 2330 247 2372 in
259 2330 395 2386 particulari
408 2331 526 2387 operabili.
541 2332 603 2374 Num
616 2344 671 2373 vero
684 2330 759 2381 liceat,
773 2343 820 2371 uon
832 2332 928 2371 tantum
941 2327 987 2371 ubi.

137 2407 253 2463 utrimque
271 2408 364 2453 videtur
382 2423 432 2452 esse
446 2395 578 2466 >peccatumy
597 2409 638 2451 sed
657 2408 728 2451 etiarn
747 2407 787 2451 ubi
804 2406 916 2464 obligatio
935 2419 985 2448 non

161 2570 176 2593 1.
190 2561 213 2593 In
226 2570 247 2593 ea
259 2571 278 2593 re
291 2571 346 2605 saepe
359 2564 427 2594 errant
436 2562 534 2605 scriptores
546 2573 583 2595 non
597 2561 691 2599 catholici,
705 2572 743 2594 non
755 2562 830 2593 tantum
843 2560 942 2593 crassiores
955 2559 986 2591 illii

135 2616 155 2649 in
170 2617 318 2659 ephemeridibus
333 2620 353 2649 et
367 2619 530 2657 commentariolis,
546 2619 578 2651 sed
593 2618 652 2650 etiam
667 2617 699 2661 qui
714 2618 803 2650 videntur
817 2625 856 2649 esse
870 2607 961 2648 lautiores
978 2625 985 2648 τ,

136 2685 142 2702 «
152 2672 190 2706 Der
197 2673 227 2705 fiir
235 2683 269 2705 uns
277 2674 317 2706 hier
325 2674 381 2707 allein
389 2674 409 2706 in
416 2675 506 2707 Betracht
514 2674 625 2707 hommende
633 2673 744 2706 moralische
752 2671 898 2706 Probabilismus
906 2671 985 2704 bestehe

136 2728 155 2760 in
168 2729 210 2760 dem
222 2729 345 2768 Grundsatze‚
358 2730 388 2763 bei
400 2731 463 2763 Akten
475 2731 566 2763 sittlicher
577 2729 768 2771 Selbstbestimrnung
778 2728 818 2761 sich
829 2727 985 2761 ptolemaidem

139 2784 234 2822 Geudsseu,
248 2787 328 2818 sondern
340 2787 389 2818 nach
402 2787 445 2819 dem
457 2787 610 2819 wahrscheinlich
622 2785 728 2827 Richtigen,
742 2786 760 2817 d.
773 2785 792 2817 h.
805 2784 854 2817 nach
866 2784 910 2816 dem
922 2783 983 2815 durch

136 2840 270 2882 irgendwelche
280 2842 403 2874 vorbildliche
415 2843 459 2875 oder
470 2842 623 2875 Lehr-Autoritat
635 2841 778 2885 Empiohlenen,
791 2851 813 2872 zu
823 2839 904 2872 richten.
916 2850 923 2869 u
939 2838 985 2880 (art.v

135 2897 286 2937 Probabilismus,
309 2896 329 2929 in
347 2898 462 2940 Reclencvkl.
473 2901 507 2940 titt,
521 2902 592 2942 protest.
617 2898 677 2931 Theoi.
696 2907 715 2930 o.
733 2896 807 2935 Kirche,
824 2896 839 2927 t.
851 2902 893 2934 xvi,
912 2905 930 2937 p.
943 2894 981 2937 67).

134 2953 190 2996 Apud
203 2954 249 2985 alios
264 2955 340 2992 multos,
351 2964 380 2987 ex.
391 2964 418 2996 gr.
436 2955 485 2997 apud
495 2955 596 2987 Vorrninu
617 2954 727 2996 (Dialogues,
746 2961 800 2990 xxvi,
819 2957 849 2984 10⁰
870 2950 984 2993 entretien),

134 3009 232 3041 traductos
252 3010 386 3052 probabilistas
407 3010 491 3043 invenias
511 3011 565 3054 quasi
580 3012 675 3048 docerent,
689 3008 763 3041 licitum
775 3017 814 3040 esse
827 3017 850 3040 ex
866 3006 984 3040 conscientia

136 3064 194 3097 dubia
204 3066 284 3108 operari.
