2068 3413
136 133 164 177 24
360 132 527 175 QUAESHONES
543 134 576 165 DE
591 133 754 166 CONSCIENTIA

136 289 206 331 quam
220 275 292 321 credit
306 289 355 319 esse
368 289 441 327 suam,
458 275 506 320 fieri
519 275 603 332 poterit
617 279 643 319 ut
657 275 729 319 etiam
747 279 901 333 posteaquam
917 276 975 322 veri-

134 357 209 397 tatem
232 353 371 411 cognoverit,
395 353 493 410 pristina
515 354 680 397 consuetudine
702 358 821 399 remaneat
843 355 972 399 devinctus.

135 433 275 490 Exemplum
288 432 312 475 in
326 418 403 477 errore
413 432 442 475 de
455 420 502 475 iure
518 446 522 476 :
536 432 555 475 si
569 432 619 492 quis
633 433 755 478 crediderit
766 433 912 476 mendacium
926 448 975 477 esse

133 510 223 553 licitum
234 511 264 554 ad
274 510 389 556 servanda
397 524 482 567 magna
492 511 606 566 quaedam
616 511 678 555 bona
687 511 805 568 proximis,
816 515 843 554 ut
853 512 927 556 vitam
937 512 975 556 vel

134 589 247 641 fortunas,
267 589 316 635 fieri
333 589 418 646 poterit
436 592 463 631 ut
481 589 582 646 cogitans
599 589 746 634 mendacium
763 604 804 647 per
820 604 844 634 se
862 604 908 633 non
925 605 974 634 esse

133 671 263 724 peccatum,
282 668 330 711 iam
348 667 473 711 mendaciis
492 667 608 710 officiosis*
614 667 702 725 passim
720 666 838 725 indulgeat
858 672 881 712 et
900 669 931 712 sic
950 669 974 713 in

135 746 275 803 hypocrisim
287 746 402 797 deveniat,
416 749 458 790 etc.
473 746 508 790 Sic
520 745 595 803 igitur,
609 729 700 790 etiamsi
717 747 839 792 asserimus
857 747 973 790 hominem

135 839 164 868 ex
181 825 321 868 conscientia
339 838 433 869 erronea
451 827 584 881 operantem
602 825 683 870 mereri
700 839 774 882 posse,
794 840 875 871 verum
893 829 973 869 tamen

134 906 220 955 manet,
233 904 322 946 malum
335 903 452 959 quoddam
464 917 512 946 esse
522 903 546 945 in
556 903 603 946 eius
615 903 705 946 actione
718 917 747 946 ex
757 904 867 960 singulari
881 904 973 948 delectu

137 980 177 1038 (cir
189 983 210 1026 S.
221 982 343 1032 Thomam,
356 988 381 1024 Ia
391 988 433 1032 aar,
446 995 467 1037 q.
475 994 508 1038 19,
520 996 540 1025 a.
552 991 571 1036 5,
584 982 613 1024 ad
624 982 652 1039 1),
663 995 705 1024 nec
715 984 809 1025 tantum
820 997 866 1039 qua
880 998 888 1023 u
898 983 972 1026 obiec-

134 1060 182 1103 tive
194 1078 202 1101 u
219 1075 259 1103 seu
271 1060 345 1104 «inse
357 1076 365 1100 v
375 1073 421 1102 non
431 1063 465 1102 est
476 1059 548 1102 ordini
558 1059 688 1111 conformis,
699 1060 739 1102 sed
751 1060 822 1104 etiam
836 1074 882 1117 qua
897 1044 972 1104 vitam

134 1138 181 1181 eius
195 1138 306 1184 moralem
320 1141 377 1181 nata
391 1141 432 1189 est,
447 1137 497 1195 ipso
511 1138 601 1181 delectu
615 1137 743 1182 obiectivae
758 1139 933 1191 conformitatis,
948 1140 972 1182 in

133 1217 255 1262 discrimen
269 1218 389 1261 adducere.
400 1216 474 1260 Huius
484 1219 561 1259 autem
569 1215 664 1274 periculi
676 1216 818 1273 possibilitas
832 1221 866 1260 est
880 1232 908 1261 ex
920 1233 972 1275 pec-

133 1299 185 1338 cato
201 1295 312 1352 originali,
328 1308 374 1350 quo
389 1294 478 1338 iactum
492 1298 526 1338 est
545 1298 571 1337 ut
586 1294 610 1338 in
624 1298 689 1338 statu
704 1296 827 1352 praesenti,
845 1297 971 1340 secundum

132 1374 263 1417 doctrinam
274 1387 343 1431 saepe
355 1388 369 1415 a
380 1373 446 1416 nobis
459 1371 560 1425 allatam,
572 1362 708 1418 rectificatio
720 1373 848 1416 voluntatis
860 1388 907 1417 non
919 1389 971 1418 con-

132 1451 198 1495 tinuo
211 1455 289 1495 totum
301 1451 418 1495 hominem
430 1451 548 1496 rectificet.
563 1453 612 1496 Hoc
624 1455 704 1495 tamen
717 1452 762 1495 lide
774 1451 858 1495 scimus
871 1453 901 1496 ad
914 1453 972 1497 divi-

132 1544 187 1573 nam
203 1531 376 1575 Providentiam
390 1529 509 1586 pertinere,
525 1530 639 1573 neminem
653 1533 680 1572 nt
695 1529 780 1573 iniuste
795 1531 897 1582 damnet,
913 1545 970 1575 neve

131 1609 235 1665 patiatur
249 1622 389 1665 quemquam
402 1622 472 1665 supra
483 1608 542 1652 vires
554 1608 646 1654 tentari.
660 1608 729 1651 Cuius
742 1608 813 1651 etiam
826 1609 899 1664 ductu
911 1610 971 1655 freta

131 1687 222 1744 piorum
234 1688 378 1744 simplicitas,
393 1669 588 1743 quemadmodum
602 1686 701 1730 ascetica
713 1686 809 1731 traditio
821 1690 882 1732 recte
895 1688 969 1740 docet,

131 1769 254 1822 exspectat,
263 1770 289 1808 ut
303 1780 316 1808 a
327 1765 415 1824 laqueis
427 1778 527 1810 errorum
539 1779 632 1810 suorum
643 1764 759 1815 liberetur,
772 1765 862 1822 sibique
874 1767 970 1809 tandem

131 1844 209 1887 omnia
225 1846 376 1901 cooperentur
391 1843 415 1885 in
430 1844 524 1886 bonum.

160 1923 305 1966 Conscientia
321 1922 391 1979 igitur
407 1921 568 1967 invincibiliter
585 1935 678 1967 erronea
695 1924 729 1964 est
747 1921 826 1978 regula
843 1921 968 1978 agibilium,

130 2001 173 2043 etsi
181 2016 222 2058 per
231 2001 335 2044 accidens
347 2013 352 2051 ;
360 2003 466 2045 tenemur
473 2000 537 2056 sequi
545 2000 731 2057 praecipientem,
740 2000 805 2056 sequi
813 2000 866 2043 licet
875 2001 969 2057 permit-

130 2083 226 2131 tentem,
237 2093 334 2136 eamque
343 2082 464 2135 sequentes
474 2092 592 2130 meremur,
603 2078 622 2121 si
631 2091 711 2121 sumus
721 2077 745 2120 in
755 2078 829 2134 gratia
839 2079 969 2133 constituti„

160 2237 204 2279 ΠΙ.
218 2236 261 2294 Qui
273 2238 382 2293 operatur
395 2249 447 2277 cum
459 2234 588 2291 ignorantia
599 2233 709 2285 vincibili,
723 2233 747 2276 id
760 2238 794 2277 est
808 2248 854 2277 non
866 2235 969 2279 tollendo

130 2314 284 2371 ignorantiam
298 2327 368 2370 quarn
381 2313 461 2358 tollere
474 2316 550 2369 potest
565 2327 590 2355 ac
603 2313 679 2363 debet,
694 2313 732 2356 vel
745 2326 798 2355 cum
812 2326 885 2358 errore
898 2313 969 2357 vinci-

129 2393 176 2444 b³li,
188 2393 212 2435 id
223 2397 257 2436 est
268 2407 315 2435 non
325 2392 427 2434 tollendo
438 2391 520 2433 ialsam
531 2391 660 2447 opinionem
672 2404 743 2446 quam
753 2394 817 2433 tenet
828 2405 881 2434 curn
893 2390 970 2448 aliqua

130 2471 257 2522 tormidine,
278 2475 300 2513 et
318 2471 369 2513 ideo
388 2470 467 2514 tollere
485 2470 552 2512 debet
571 2473 685 2526 quantum
703 2472 788 2524 potest,
807 2483 830 2512 re
848 2484 903 2515 vera
921 2471 968 2527 agit

130 2563 183 2592 cum
193 2549 332 2592 conscientia
341 2548 419 2600 dubia,
430 2551 453 2590 et
463 2551 626 2604 consequenter
635 2550 723 2604 peccat,
733 2546 792 2589 sicut
802 2547 863 2592 inira
871 2548 967 2593 dicetur.

131 2628 197 2685 Quod
205 2628 224 2670 si
232 2628 297 2670 nulla
305 2630 364 2670 esset
374 2626 496 2678 dubitatio,
506 2629 564 2669 esset
573 2625 703 2683 ignorantia
710 2624 856 2669 invincibilis.
866 2627 968 2672 Adverte

131 2710 208 2749 autem
224 2706 272 2751 fieri
284 2719 351 2763 posse
365 2721 375 2769 <r
383 2708 409 2747 ut
423 2704 560 2747 conscientia
571 2704 634 2761 prius
647 2703 787 2748 vincibiliter
800 2718 899 2756 erronea,
915 2708 969 2748 actu

129 2798 190 2827 nunc
202 2785 232 2827 sit
245 2798 339 2830 erronea
351 2783 519 2834 invincibiliter,
532 2782 639 2828 nimirum
651 2782 670 2824 si
683 2785 737 2824 actu
749 2796 810 2825 nunc
823 2780 886 2825 nullo
898 2784 968 2826 modo

129 2863 227 2908 occurrit
247 2863 346 2919 suspicio
367 2862 395 2904 de
416 2860 553 2918 obligatione
572 2861 654 2904 melius
674 2859 811 2915 inquirendi,
834 2875 968 2920 quanquam

130 2945 199 2984 antea
212 2943 347 2986 occurrerat.
363 2941 429 2998 Quod
442 2940 461 2982 si
474 2939 569 2991 obtinet,
584 2939 644 2982 actio
658 2952 687 2981 ex
699 2937 742 2980 tali
755 2938 895 2982 conscientia
907 2943 965 2991 orta,

128 3020 255 3065 formaliter
269 3018 430 3077 peccaminosa
443 3018 467 3061 in
482 3032 504 3061 se
520 3032 565 3060 non
580 3006 621 3069 est,
638 3020 743 3060 attamen
758 3020 792 3059 est
807 3018 968 3074 peccaminosa
