2068 3413
122 118 150 163 66
346 129 514 173 onnesnones
530 130 563 163 oe
579 129 742 164 consciarum

151 273 212 317 Nam
225 273 249 315 in
262 273 372 337 exemplis
384 287 455 330 supra
467 273 550 325 allatis,
558 273 581 317 in
592 273 675 330 quibus
688 273 811 318 sensitivae
824 273 897 331 partis
911 273 965 319 irra-

122 351 239 403 tionabilis
253 365 318 395 amor
330 352 367 397 vel
379 351 449 398 timor
462 351 657 396 existimationem
672 353 774 409 aliquam
787 355 869 398 contra
881 353 965 398 verita-

122 435 171 475 tem
183 430 239 474 satis
252 434 333 474 notam
345 431 488 487 suggerebat,
502 430 538 474 cui
551 431 717 474 existimationi
729 446 793 475 mens
806 434 898 489 poterat
912 445 965 474 con-

123 509 242 554 sentiendo
254 510 339 561 cedere,
352 509 431 553 inillis
443 510 538 566 inquam
550 509 662 567 exemplis
674 510 787 562 videmus,
800 514 892 568 praeter
903 510 966 553 incli-

124 588 242 633 nationem
265 588 338 646 partis
362 588 500 632 sensitivae1
523 602 591 632 caeco
614 590 749 650 suomodo
773 592 964 647 praeoccupatae,

124 666 277 713 necessarium
291 681 339 711 esse
353 667 437 711 mentis
451 681 587 711 consensum
602 670 628 710 ut
643 668 731 724 aliquid
746 671 800 712 actu
814 667 900 711 reflexo
915 681 966 724 pro-

124 747 200 790 babile
215 746 334 792 iudicetur.
351 746 407 791 Dico
425 761 429 791 3
446 749 490 789 «ut
506 749 560 790 actu
574 746 661 792 reflexo
676 747 795 804 probabile
810 737 944 792 iudicetur»
961 760 965 790 :

124 829 150 868 ut
167 826 228 868 enim
244 824 379 883 simpliciter
395 825 545 869 assentientes
562 826 689 882 opinemur,
707 840 826 869 assensum
842 825 967 871 reflexione

124 917 171 947 non
182 904 350 960 qualificantes,
362 917 408 946 non
418 904 541 959 requiritur
551 904 611 947 ullus
623 908 688 948 actus
699 904 820 961 positivus,
832 905 872 947 sed
883 904 966 947 sufficit

124 983 227 1025 carentia
241 982 391 1034 inhibitionis
407 981 466 1025 sicut
481 996 551 1039 supra
565 986 599 1026 est
615 983 758 1040 explicatum
775 982 805 1040 (p.
822 983 906 1040 55-56).
923 978 966 1026 Sed
1001 1025 1002 1028 ,

125 1061 315 1120 quotiescumque
334 1060 465 1118 opinionem
485 1060 589 1118 eligimus
609 1065 634 1104 ret
652 1062 803 1119 probabilem,
825 1061 924 1105 habetur
943 1075 967 1106 re

125 1154 181 1185 vera
192 1142 257 1183 actus
270 1139 419 1197 appetitivus,
431 1142 522 1182 motum
533 1139 584 1182 dico
596 1140 732 1192 voluntatis,
746 1154 791 1198 quo
802 1153 849 1182 non
861 1140 885 1182 in
897 1153 967 1183 enun-

125 1218 205 1262 tiabile
219 1233 265 1274 qua
277 1232 358 1263 verum
371 1218 487 1261 tendimus
504 1218 591 1274 (verum
605 1218 667 1261 enim
681 1233 727 1277 qua
740 1219 787 1262 tale
801 1218 918 1262 obiectum
932 1221 966 1261 est

125 1296 263 1349 intellectus,
274 1311 321 1340 non
330 1296 474 1353 voluntatis),
486 1298 526 1340 sed
537 1311 582 1353 quo
593 1301 618 1341 ut
628 1297 706 1341 bouem
716 1297 782 1340 nobis
792 1297 967 1354 dispositionem

125 1376 260 1419 sensitivam
273 1375 384 1432 eligimus,
399 1390 457 1431 quae
469 1376 606 1421 correlativa
617 1379 652 1419 est
665 1376 741 1419 dictae
754 1376 874 1432 opinionis,
888 1389 967 1418 secun-

125 1455 181 1498 dum
199 1468 269 1511 supra
287 1454 402 1511 explicata
421 1454 451 1511 [p.
472 1454 515 1511 59).
535 1455 571 1497 Ex
589 1454 633 1496 hac
651 1454 721 1511 igitur
739 1454 889 1511 appetitione,
909 1468 967 1509 quae

125 1533 242 1577 invenitur
258 1533 281 1575 in
297 1532 359 1575 omni
375 1532 506 1589 opinatione
522 1532 643 1589 implicita,
660 1533 683 1576 id
699 1534 833 1578 desumetur
849 1533 910 1576 unde
928 1532 967 1575 fiet

126 1611 248 1656 discrimen
269 1611 329 1654 inter
350 1610 467 1668 opiniones
491 1625 543 1656 vere
565 1611 707 1667 probabiles
721 1611 755 1668 (z
768 1610 966 1667 «acceptabiles»,

125 1689 305 1747 assumptibiles)
321 1689 344 1731 in
360 1703 439 1746 genere
454 1703 551 1740 morum,
568 1693 590 1732 et
608 1690 727 1746 opiniones
748 1689 912 1746 improbabiles
928 1703 967 1732 seu

124 1782 187 1812 mera
205 1768 337 1825 opinabilia.

149 1921 164 1944 1.
178 1911 319 1945 inclinationem
330 1912 371 1944 dico
382 1912 441 1954 partis
452 1911 557 1949 sensitivae,
569 1911 604 1943 etsi
615 1912 645 1943 hic
656 1921 694 1944 non
705 1912 744 1944 sola
755 1911 861 1955 appetitiva
872 1911 967 1950 sensitiva,

124 1968 155 2000 sed
169 1967 263 2010 cognitiva
276 1968 365 2000 sensitiva
376 1967 495 2010 intellegitur,
512 1967 556 2010 quia
568 1977 632 2000 sensus
645 1978 683 2010 qua
698 1968 741 2000 talis
757 1968 863 2006 inclinatur,
879 1968 967 2006 trahitur,

124 2025 210 2056 movetur
219 2024 243 2056 ab
251 2024 330 2062 obiecto,
339 2034 371 2056 seu
380 2024 461 2066 cognitio
469 2033 533 2056 sensus
542 2025 570 2055 est
580 2036 586 2053 ιι
595 2024 657 2066 passio
666 2031 678 2060 ιι;
688 2024 716 2055 cir
722 2025 749 2056 De
761 2024 842 2062 Veritate,
857 2034 875 2066 q.
886 2025 913 2061 26,
924 2034 939 2056 a.
950 2034 967 2064 3,

124 2081 148 2112 ad
159 2089 182 2121 4;
195 2080 261 2112 Contra
274 2080 357 2118 Gentiles,
369 2089 385 2118 a,
397 2089 425 2122 57,
436 2089 447 2121 3
459 2080 513 2118 Seru..
525 2079 543 2111 d.
557 2089 583 2121 14,
595 2089 611 2112 a.
625 2089 639 2118 1,
652 2080 684 2112 sol.
697 2089 712 2118 2,
724 2082 759 2113 etc.

148 2144 164 2167 2.
170 2134 186 2165 E
194 2135 311 2168 Scholasticis
320 2136 351 2178 qui
360 2146 408 2168 nunc
417 2137 466 2174 sunt,
475 2136 537 2178 plures
545 2136 590 2167 satis
599 2145 653 2177 aegre
662 2137 784 2168 concederent
791 2136 901 2168 electionem
912 2145 967 2178 appe-

123 2191 205 2230 titivam,
219 2200 251 2223 seu
265 2192 408 2224 declinationem
422 2192 548 2224 voluntariam
561 2191 580 2223 in
593 2201 651 2224 unam
664 2193 738 2234 partem
751 2201 790 2224 esse
803 2193 824 2225 de
838 2191 916 2225 essentia
929 2192 967 2235 opi-

124 2246 189 2286 nionis,
199 2247 228 2280 vel
237 2248 257 2280 de
266 2248 342 2280 essentie
348 2247 411 2280 iudicii
420 2247 484 2280 reflexi
492 2248 515 2280 de
523 2247 657 2290 probabilitate
668 2247 701 2291 (cir
709 2248 804 2287 Genuum,
814 2249 825 2281 l.
835 2258 856 2286 a,
865 2247 906 2290 julii
917 2257 967 2287 1911,

124 2314 142 2346 p.
153 2313 193 2345 453,
204 2313 244 2346 sqq.
257 2313 260 2335 :
272 2316 278 2333 i
287 2304 312 2336 Le
322 2305 371 2346 sujet
382 2304 404 2336 de
414 2303 503 2346 l’opinion
513 2305 532 2335 et
541 2312 570 2335 ses
580 2303 661 2336 iacteurs
672 2303 769 2345 subjectiis
779 2316 790 2337 ιιΙ
802 2304 890 2342 Adverte,
901 2303 916 2335 si
927 2304 967 2346 quis

124 2359 215 2391 concedat
226 2359 360 2391 «formidinem
370 2360 443 2392 errandi
453 2371 459 2388 ιι
469 2360 492 2391 ad
503 2359 603 2391 essentiam
613 2359 705 2401 opinionis
716 2360 814 2402 pertinere,
825 2369 868 2391 eum
879 2369 916 2392 non
926 2359 967 2392 ideo

124 2415 213 2447 continuo
222 2414 330 2452 darehuius
338 2415 442 2447 formidinis
450 2415 531 2447 radicem
540 2414 559 2446 in
568 2415 619 2446 dicta
628 2414 717 2447 electione
726 2415 826 2447 sensitivae
841 2414 967 2458 dispositionis

124 2480 163 2503 esse
171 2470 240 2512 sitam).
251 2471 268 2504 S.
278 2472 358 2503 Thomas
367 2471 431 2503 scribit
441 2481 444 2503 t
454 2483 461 2500 ιι
469 2470 552 2503 Assentit
561 2470 666 2502 intellectus
675 2471 729 2502 alicui
739 2471 837 2513 dupliciter
847 2480 850 2503 :
860 2480 896 2503 uno
905 2472 966 2510 modo,

125 2527 169 2569 quia
180 2528 204 2559 ad
216 2528 251 2559 hoc
263 2529 349 2560 movetur
360 2528 385 2560 ab
396 2527 436 2570 ipso
448 2527 543 2559 obiecto...
557 2526 604 2558 sicut
616 2528 670 2569 patet
682 2526 701 2558 in
712 2527 808 2569 principiis
819 2527 906 2570 primis...
919 2527 967 2560 sicut

99 2618 100 2623 ¹
124 2584 178 2626 patet
193 2584 216 2615 de
231 2583 385 2621 conclusionibus,
402 2593 481 2626 quarum
496 2585 524 2615 est
539 2582 622 2615 scientia.
639 2583 681 2615 Alio
697 2584 752 2615 modo
767 2583 873 2615 intellectus
889 2584 967 2616 assentit

124 2639 184 2677 alicui,
201 2649 239 2672 non
255 2640 299 2681 quia
315 2640 426 2671 sufficienter
441 2641 539 2671 moveatur
555 2639 579 2671 ab
595 2638 668 2671 obiecto
685 2639 765 2681 proprio,
782 2640 812 2671 sed
827 2643 859 2682 per
876 2640 967 2683 ‹perandum-

123 2695 223 2728 electionem
231 2695 329 2728 vetranione
337 2695 428 2729 declinans
435 2696 454 2727 in
462 2705 518 2727 unam
526 2696 599 2737 partem
607 2695 666 2737 magis
674 2705 731 2737 quam
738 2695 757 2727 in
765 2695 821 2727 aliam
830 2705 833 2734 ;
842 2697 861 2727 et
869 2696 883 2727 si
891 2695 967 2738 quidem

123 2752 158 2783 hoc
171 2751 195 2782 sit
208 2761 250 2783 cum
263 2751 380 2784 dubitatione
393 2753 412 2783 et
424 2751 522 2784 tormidine
535 2751 610 2783 alterius
623 2751 688 2793 partis,
702 2751 737 2782 erit
750 2751 811 2793 opinio
819 2762 826 2790 ,¹
839 2751 853 2783 si
866 2754 930 2783 autem
943 2752 966 2783 sit

123 2816 166 2839 cum
177 2807 288 2839 certitudine
300 2808 370 2850 absque
380 2808 414 2839 tali
425 2807 528 2844 tormidine,
541 2807 576 2838 erit
588 2807 639 2839 fides.
650 2819 657 2836 ιι
671 2806 689 2838 2²²
701 2806 731 2845 2³0,
744 2816 761 2848 q.
777 2817 792 2845 1,
806 2818 822 2840 a.
841 2818 857 2849 4.
873 2807 967 2850 (Similiter

125 2863 143 2895 1²¹
153 2862 183 2901 2²²²,
202 2872 220 2904 q.
233 2872 259 2905 17,
270 2874 286 2896 a.
298 2864 313 2901 s),
325 2864 347 2895 de
357 2873 432 2895 assensu
442 2863 466 2896 ab
476 2863 621 2906 apprehensione
632 2863 726 2901 distincto,
738 2865 756 2894 et
766 2863 861 2896 interdum
873 2864 893 2895 in
902 2865 966 2896 nostra

123 2920 218 2962 potestate
229 2920 333 2951 constituto
346 2929 348 2951 :
361 2919 390 2951 hic
402 2921 465 2951 tamen
476 2918 539 2962 opinio
550 2929 588 2951 non
599 2928 685 2961 expresse
696 2920 853 2951 commemoratur
864 2921 886 2951 ut
897 2920 921 2951 ad
932 2920 965 2952 hos

123 2984 209 3007 assensus
217 2975 340 3007 essentialiter
348 2976 456 3018 referenda).
466 2975 539 3007 Nostris
547 2977 611 3006 tamen
619 2974 735 3017 temporibus
745 2975 809 3007 melius
818 2985 875 3018 quam
885 2975 909 3008 St¹
918 2976 965 3007 Tho-

124 3040 165 3063 mae
178 3041 276 3073 possumus
289 3031 343 3063 huius
356 3032 450 3064 electionis
463 3040 493 3062 seu
507 3030 624 3063 voluntariae
637 3030 767 3063 declinationis
780 3033 868 3064 naturam
881 3031 964 3065 diffinire.
