1948 3333
235 96 388 129 ARGUMENTA
403 96 635 129 PROBABILISTARUM
830 97 858 141 43

9 241 108 291 reflexis,
119 238 196 283 Sedea
207 237 328 295 principia,
342 237 425 295 quibus
438 242 544 290 utuntur,
558 252 604 281 non
616 241 715 296 possunt
727 237 858 281 ministrare

10 317 181 366 conclusionem
196 319 291 362 certam.
308 318 369 361 Nam
384 320 438 360 sunt
453 316 542 362 incerta
556 321 579 360 et
596 317 626 360 ad
641 330 759 374 summum
774 317 858 374 proba-

9 399 72 446 bilia.
85 413 94 437 i<
105 398 173 440 Patet
184 395 350 452 consequentia
361 410 365 440 :
376 410 422 438 non
432 395 492 439 enim
502 399 580 453 potest
591 374 707 439 conclusio
717 409 765 438 esse
776 395 859 440 certior

9 478 56 523 suis
68 473 195 533 principiis.
210 474 278 519 Prob.
292 474 346 518 min,
363 488 459 518 :omnes
473 474 690 531 antiprobabilistae
703 478 788 530 negant
801 474 858 517 haec

9 553 123 615 principia
134 556 249 609 tanquam
261 552 366 596 absolute
378 552 444 604 ialsa,
457 556 480 596 et
492 553 588 596 indubie
600 552 752 609 probabiliter
764 557 857 609 negant,

10 636 63 678 suut
78 631 140 676 enim
155 634 260 677 auctores
275 645 369 677 numero
384 634 406 674 et
421 632 522 689 pondere
537 630 675 688 gravissimi,
690 645 764 689 neque
779 645 858 676 eorum

9 711 109 759 rationes
123 712 178 753 sunt
192 709 364 767 improbabiles,
380 724 438 770 quae
452 710 498 753 duo
512 710 613 753 tundant
628 709 761 766 opinionem
775 710 858 767 proba-

2 790 79 841 bilem
89 802 93 832 :
102 802 155 845 ergo
163 787 220 831 haec
227 788 341 845 principia
348 792 401 831 sunt
410 789 497 833 incerta
505 791 527 831 et
537 789 567 831 acl
575 802 693 831 summum
700 787 837 845 probabilia.
850 805 859 829 1

11 868 125 927 (Billuart,
142 870 177 924 op.
194 867 238 918 cit,
255 881 275 910 a,
293 879 312 917 1,
329 882 351 924 p.
368 866 431 925 361).

411 1015 458 1062 §3-

253 1132 396 1179 Argumenta
410 1132 625 1170 Probabilistarum

41 1254 171 1311 Suppositis
183 1254 275 1297 duabus
285 1254 405 1297 sententiis
417 1268 516 1311 quarum
528 1254 602 1299 altera
613 1253 657 1311 legi
670 1254 743 1298 altera
754 1253 857 1297 libertati

14 1349 23 1374 a
32 1332 109 1375 faveat
121 1349 136 1384 u,
151 1332 232 1375 dicunt
245 1333 418 1389 probabilistae,
431 1332 493 1376 licite
507 1332 705 1388 hominemsequi
717 1332 857 1375 sententiam

12 1410 174 1468 benigniorem,
197 1411 269 1454 etiam
289 1414 370 1453 contra
389 1412 500 1456 tutiorem
520 1411 707 1468 probabiliorem,
729 1410 856 1453 dummodo

12 1488 129 1545 benignior
141 1489 172 1533 sit
184 1503 238 1534 vere
250 1489 368 1545 solideque
380 1490 513 1546 probabilis,
527 1489 597 1546 idque
610 1489 634 1531 in
647 1489 754 1532 omnibus
767 1492 790 1532 et
803 1489 856 1534 solis

11 1567 109 1618 casibus,
123 1566 164 1611 ubi
177 1571 259 1624 agatur
271 1568 299 1611 de
312 1568 360 1610 solo
372 1567 434 1610 licito
447 1568 485 1611 vel
498 1567 585 1612 'llicito
600 1569 650 1611 Hoc
663 1566 773 1610 ultimum
785 1564 857 1624 expli-

11 1648 65 1687 cant
79 1645 243 1703 distinguendo
257 1646 414 1689 dubitationes
428 1643 487 1703 quae
502 1646 530 1689 de
545 1646 617 1690 ualere
631 1649 727 1689 actuum
741 1660 790 1689 esse
803 1660 857 1703 pos-

11 1726 73 1775 sunt,
90 1738 103 1766 a
118 1724 304 1776 dubitationibus
320 1728 447 1783 quaesunt
462 1725 490 1768 de
505 1724 599 1768 liceitute
613 1725 669 1769 sola.
686 1726 714 1768 In
728 1724 855 1782 baptismo,

11 1815 46 1845 ex,
60 1816 100 1858 gr„
114 1802 258 1854 conterendo,
272 1803 337 1848 valor
349 1817 389 1846 seu
400 1802 510 1846 validitas
523 1817 577 1846 cum
588 1803 690 1847 liceitate
703 1816 749 1845 non
761 1817 856 1846 conver-

11 1879 75 1931 titur,
91 1884 236 1940 possuntque
252 1880 309 1924 haec
320 1881 366 1924 duo
377 1881 471 1938 seiungi.
484 1881 543 1926 Fieri
554 1882 634 1937 itaque
645 1884 731 1939 potest,
744 1885 777 1933 ut,
791 1882 856 1925 nulla

10 1956 39 1999 de
59 1958 181 2002 validitate
203 1959 338 2018 quaestione
359 1959 490 2011 exsistente,
513 1960 602 2005 oriatur
623 1960 721 2003 dubium
742 1960 770 2003 de
792 1959 855 2002 licito

14 2034 102 2091 (licetne
116 2037 174 2080 mihi
184 2037 245 2080 hunc
256 2037 324 2081 hodie
334 2038 453 2095 baptizare
465 2038 492 2095 ?),
509 2038 587 2094 ibique
597 2038 662 2094 s'equi
676 2038 754 2083 licebit
769 2038 857 2095 opinio-

10 2126 62 2156 nem
75 2115 227 2171 probabilem.
242 2117 273 2160 At
289 2116 338 2160 fieri
351 2116 421 2160 etiam
434 2120 512 2174 potest
526 2120 561 2168 ut,
575 2121 671 2174 propter
684 2116 857 2159 dubitationem

10 2190 38 2233 de
55 2193 178 2237 validitate
198 2193 299 2251 (valetne
317 2194 448 2252 baptismus
466 2195 490 2237 in
514 2195 580 2238 tenui
602 2195 719 2246 cerevisia,
738 2195 776 2238 vel
795 2209 857 2251 aqua

9 2281 103 2314 rosacea
117 2273 216 2318 collatus
229 2272 247 2329 Ρ)
264 2273 351 2318 oriatur
365 2273 463 2316 dubium
477 2274 505 2316 de
520 2273 584 2316 licito
600 2273 692 2330 (licetne
703 2272 761 2316 mihi
775 2274 799 2316 in
814 2274 857 2316 tali

9 2349 107 2393 materia
124 2350 244 2408 baptizare
257 2351 284 2408 ?),
311 2354 333 2394 et
352 2351 395 2403 hic,
415 2366 444 2395 ex
461 2352 605 2403 diffinitione,
624 2353 702 2396 locum
719 2366 766 2394 non
784 2351 856 2395 habet

8 2426 196 2480 probabilismus.
216 2431 266 2487 Quo
283 2433 380 2481 statuto,
398 2430 478 2473 dicunt
496 2430 664 2487 probabilistae
684 2444 687 2474 :
706 2431 732 2487 u)
751 2430 858 2475 doctrina

9 2504 150 2550 tutioristica
165 2508 193 2550 de
209 2508 360 2552 sacramentis
376 2508 526 2560 conterendis
543 2510 572 2552 de
588 2508 768 2566 obligationibus
785 2509 856 2552 medi-

10 2588 160 2637 corum,'etc.,
175 2600 222 2628 non
238 2586 349 2629 constitui
365 2586 511 2644 exceptiones
529 2601 543 2629 a
558 2587 672 2645 principio
688 2587 856 2644 probabilismi,

11 2662 137 2705 secundum
151 2665 296 2721 praedictam
310 2665 471 2708 diffinitionem
485 2666 603 2710 intellecto
615 2680 619 2718 ;
636 2666 659 2723 b)
676 2666 738 2711 intra
753 2666 856 2710 eiusdem

11 2736 152 2785 diffinitionis
167 2742 260 2794 limites,
276 2744 352 2788 valere
367 2743 425 2787 illud
439 2743 579 2801 principium
594 2744 623 2787 de
638 2745 687 2801 lege
703 2744 791 2803 quavis,
808 2744 856 2787 sive

10 2818 118 2870 naturali,
138 2821 187 2864 sive
205 2822 307 2880 positiva
325 2821 411 2873 divina,
431 2822 478 2865 sive
497 2823 608 2866 humana.

40 2894 184 2953 Argumenta
196 2902 275 2944 autern
285 2898 489 2957 probabilistarum
501 2901 547 2945 iere
559 2905 613 2944 sunt
626 2901 682 2944 haec
697 2901 723 2958 (si
735 2915 748 2943 a
759 2901 857 2958 scriptu-

10 2969 93 3017 risticis
107 2980 131 3018 et
144 2978 271 3034 patristicis
285 2978 463 3036 discesserimus)
480 2994 484 3023 z
