2068 3413
158 144 186 188 52
383 148 551 190 QUAESTIONES
568 149 600 181 DE
617 149 780 181 CONSCIENTIA

159 288 199 330 seit
214 302 272 340 eam¹
282 303 349 345 posse
366 289 422 333 dari.
441 290 498 333 Cum
515 304 570 335 vero
587 290 675 346 aliquid
692 290 776 336 dicitur
792 290 919 348 probabile,
936 290 1003 334 intel-

157 367 230 409 lectus
241 367 461 411 demonstrationem
472 382 547 425 neque
557 369 598 411 dat
609 383 683 425 neque
694 369 828 426 expeditam
839 369 917 420 habet,
928 383 1002 426 neque

158 450 212 488 carto
229 445 269 489 scii
284 461 335 489 eam
351 460 418 503 posse
434 446 491 491 dari.
510 447 617 491 Carentia
632 447 712 504 itaque
727 447 836 491 scientiae
852 462 892 491 seu
908 448 1003 491 certitu-

158 523 225 575 dinis,
244 525 281 567 vel
299 525 397 568 lormido
416 525 494 581 aliqua
511 526 609 577 errandi,
629 541 688 582 quae
701 525 817 584 pertinent
830 526 860 569 ad
873 526 1003 570 subiectum

158 616 304 659 cognoscens,
327 604 479 648 essentialiter
501 604 580 647 insunt
603 605 692 648 notioni
713 604 893 661 probabilitatis.

188 682 216 724 ld
230 682 312 725 clarius
327 682 398 726 etiam
412 683 492 739 liquet,
507 683 527 726 si
542 684 571 726 ad
586 684 732 727 enodandam
747 684 865 726 notionem
879 682 1004 740 probabili-

158 759 214 802 tatis
231 774 277 802 non
294 776 322 804 ex
338 761 387 804 sola
402 761 488 804 latinae
504 761 567 805 vocis
584 762 669 819 origine
688 762 755 819 (quae
771 761 903 813 methodus,
920 762 939 804 si
955 762 1004 804 sola

156 844 314 895 usurparetur,
328 843 387 883 esset
400 840 468 883 valde
481 840 606 897 perversa),
619 841 666 891 sed,
681 840 795 883 adiunctis
809 830 859 883 aliis
871 840 961 897 linguis,
976 855 1004 883 ex

157 930 201 958 usu
218 919 354 973 praesertim
372 919 489 961 communi
506 918 660 981 procedimus.
680 920 765 963 Graece
782 917 901 975 probabile
919 918 1004 963 dicitur

159 990 251 1056 ἔνδοξον,
274 998 335 1052 quod
354 1013 362 1036 ν
372 997 447 1040 nobile
459 1014 467 1037 ν
488 1013 496 1036 n
506 997 622 1040 famosum
634 1014 643 1037 ο
658 997 732 1054 primo
743 997 891 1054 significavit,
910 1000 932 1040 et
950 997 1009 1047 inde.

158 1074 251 1117 videtur
266 1076 296 1118 ad
311 1075 430 1132 probabile
446 1075 612 1132 depromptum
630 1089 634 1118 ε
651 1090 760 1118 numerus
777 1075 856 1131 itaque
872 1076 903 1118 sic
919 1076 956 1118 vel
972 1075 1003 1118 sic

159 1153 343 1201 existimantium
358 1154 432 1210 primo
448 1154 568 1210 signatur,·
584 1153 662 1211 opinio
679 1154 764 1197 dicitur
780 1149 849 1215 diga,
866 1154 931 1204 verbi
948 1167 1003 1199 vero

158 1227 228 1274 <loreia
254 1247 281 1275 ea
296 1233 331 1275 vis
348 1236 389 1284 est,
418 1236 444 1275 ut
461 1232 617 1290 apparentiam
632 1246 701 1289 saepe
716 1232 809 1283 indicet,
826 1236 1004 1290 proutcontra-

158 1311 308 1368 distinguitur
326 1326 340 1354 a
356 1311 454 1354 veritate
462 1313 476 1354 1,
495 1312 526 1355 At
545 1325 598 1353 cum
616 1311 696 1367 gallice
713 1311 811 1354 dicimus
831 1326 835 1355 :
855 1311 934 1355 «C'est
952 1324 1004 1367 pro-

158 1391 253 1440 bable»,
275 1390 313 1432 vel
334 1389 532 1432 «Probablement
544 1406 560 1440 a,
581 1389 639 1432 nulli
660 1389 758 1433 dubium
779 1403 827 1433 esse
848 1393 926 1447 potest
948 1389 1004 1445 quin

158 1468 297 1525 implicitum
314 1468 338 1510 in
355 1482 382 1510 ea
398 1468 514 1511 sententia
530 1467 560 1509 sit
580 1481 584 1510 :
603 1484 611 1507 a
621 1468 680 1511 Nolo
699 1468 812 1513 affirmare
823 1485 839 1511 a

189 1549 252 1590 Haec
264 1560 317 1589 cum
328 1547 363 1589 ita
373 1546 426 1597 sint,
439 1529 517 1602 negari
529 1548 609 1589 tamen
621 1547 708 1602 nequit,
722 1560 736 1588 a
747 1547 817 1590 dubio
830 1546 924 1602 quidem
936 1559 1004 1602 nega-

159 1625 208 1668 tivo
223 1624 507 1681 assensumprobabilem,
522 1638 562 1666 seu
576 1627 666 1667 statum
680 1624 800 1681 opinionis,
816 1638 909 1681 prorsus
924 1624 1005 1667 distin-

159 1704 196 1760 gui
212 1703 266 1760 quia
281 1703 458 1746 affirmationem
473 1703 593 1758 quandam
607 1703 783 1759 complectatur,
799 1703 926 1746 secundum
942 1702 1004 1761 quod

158 1782 214 1825 dicit
235 1781 369 1826 Aristoteles
388 1796 392 1824 1
409 1786 420 1837 ἡ
444 1776 497 1841 δόξα
515 1779 539 1824 οὐ
555 1776 641 1844 ζήτησις
660 1776 720 1824 ἀλλὰ
742 1777 809 1844 φάσις
833 1799 865 1828 τις
883 1776 919 1832 ἤδη
944 1780 1001 1837 (Era.

159 1861 218 1912 Na,
236 1862 275 1911 Vl,
293 1873 327 1912 ro,
336 1849 340 1856 '¹
350 1872 405 1915 1142
419 1861 442 1910 b,
462 1860 520 1916 13)².
538 1862 601 1904 Haec
617 1864 696 1903 autem
717 1860 839 1903 affirmatio
858 1874 911 1903 cum
931 1860 1002 1903 dubio

159 1939 235 1995 aliquo
247 1939 363 1989 miscetur,
375 1938 419 1981 etsi
430 1938 507 1995 opinio
520 1953 534 1980 a
545 1939 615 1982 dubio
629 1938 747 1995 (positivo)
758 1938 811 1996 plus
821 1939 898 1981 minus
910 1938 1003 1988 recedit,

158 2019 285 2061 secundum
307 2017 369 2073 quod
390 2017 543 2073 probabilitas
565 2017 638 2062 maior
659 2021 694 2060 est
709 2018 751 2077 *vel
773 2017 855 2062 minor.
879 2019 1005 2073 Propterea

158 2096 237 2140 scribit
252 2096 273 2139 S,
287 2095 420 2152 Alphonsus
437 2109 441 2138 :
457 2095 579 2139 «Dubium
592 2095 720 2152 positivum
733 2095 779 2140 iere
792 2109 883 2152 semper
896 2094 1003 2137 coincidit

158 2188 212 2217 cum
221 2174 328 2231 opinione
337 2173 458 2231 probabili.
471 2191 479 2214 a
490 2173 572 2230 (Tiarai.
583 2187 644 2225 naon,
654 2177 723 2218 tract.
733 2174 758 2216 da
768 2175 785 2218 C
788 2173 914 2224 onscr'antia,
924 2187 947 2216 n.
958 2172 1003 2229 20).

159 2254 293 2308 Rursusque
309 2267 313 2296 :
329 2269 337 2292 r
347 2252 431 2308 Opinio
445 2253 542 2295 denotat
556 2252 710 2309 cognitionem
724 2252 827 2303 dubiam,
843 2256 883 2295 aut
896 2250 1004 2308 probabi-

183 2450 198 2472 1.
213 2440 244 2472 Cir
256 2440 339 2472 Indicem
351 2439 485 2472 aristotelicum
502 2439 583 2471 Bonitzii
600 2439 635 2471 sub
651 2439 680 2471 his
697 2439 757 2471 tribus
774 2439 835 2472 verbis
849 2449 853 2471 ·.
870 2435 934 2480 ἔνδοξα
948 2435 1003 2473 δὲτὰ

157 2493 246 2529 δοκοῦντα
256 2495 310 2528 πᾶσιν
321 2493 332 2539 ἣ
342 2495 382 2535 τοῖς
391 2492 502 2538 πλείστοιςῆ
514 2494 554 2534 τοῖς
568 2494 632 2539 σοφοῖς
647 2495 724 2538 (Tanta,
739 2505 754 2533 1,
766 2495 826 2533 roob,
837 2495 897 2536 21-22]
909 2504 912 2533 ;
928 2507 934 2524 a
943 2492 1004 2527 δοκεῖν

158 2552 234 2595 perinde
251 2562 272 2584 ac
285 2549 366 2595 φαίνεται
379 2551 481 2594 opponitur
494 2551 571 2584 veritati
588 2551 614 2583 rei
623 2563 635 2589 n,
654 2561 701 2583 cum,
709 2551 738 2582 his
751 2551 809 2583 etiam
822 2561 870 2594 quae
884 2553 1003 2593 sequuntur:

158 2608 252 2640 interdum
268 2608 341 2641 differre
356 2604 417 2641 δοκεῖν
435 2609 454 2639 et
471 2604 565 2651 φαίνεσθαι
583 2607 631 2639 sicut
645 2607 707 2650 pariari
723 2608 742 2638 et
753 2607 824 2640 arrideas
840 2615 890 2644 assa;
910 2607 1004 2639 interdum
1024 2625 1026 2629 ·

157 2661 218 2697 δοκεῖν
231 2666 250 2696 et
262 2661 285 2696 τὰ
298 2662 485 2706 donoriaaa‘lusurpari
507 2676 514 2694 ν
525 2664 548 2695 de
561 2663 589 2695 his
601 2663 726 2706 opinionibus
739 2673 787 2706 quae
799 2664 894 2695 communi
907 2663 1004 2695 hominum

158 2730 212 2752 sensu
223 2721 390 2763 comprobantur».
402 2719 496 2758 Similiter,
510 2729 524 2752 s,
536 2730 553 2752 v,
567 2716 612 2758 δόξα
623 2729 626 2751 :
641 2731 648 2749 (ι
657 2720 725 2762 Itaque
738 2721 757 2750 et
770 2718 841 2762 placita
850 2719 1004 2762 philosophorum

157 2778 176 2807 et
186 2777 274 2819 vulgatae
284 2777 381 2809 hominum
391 2775 487 2819 opiniones
500 2771 551 2814 δόξαν
562 2775 638 2818 perinde
648 2777 706 2818 atque
714 2771 812 2818 ὑπολήψεις
821 2775 947 2813 dicuntur...›1,
961 2784 1004 2807 cum

157 2833 252 2875 exemplis.
570 2828 571 2831 ¹

180 2898 197 2922 2.
212 2888 301 2920 Similiter
311 2889 331 2920 in
342 2893 361 2929 3⁰
372 2889 392 2921 da
404 2887 479 2926 Altiaia,
500 2898 515 2921 c.
528 2897 544 2928 3,
556 2887 597 2929 428,
609 2898 625 2919 a.
640 2897 663 2918 20
675 2897 678 2919 :
692 2883 742 2929 πάσῃ
760 2883 804 2930 δόξῃ
820 2882 918 2919 ἀκολουθεῖ
935 2884 1001 2925 πίστις.

157 2943 216 2976 Caute
225 2945 242 2977 S.
252 2944 334 2977 Tronis
345 2954 348 2976 :
358 2956 365 2974 ν
374 2944 457 2987 Opinans
465 2944 523 2976 habet
532 2944 665 2985 cogitationem
673 2944 712 2975 sine
721 2952 797 2975 assensu
805 2942 894 2985 perfecto,
904 2943 936 2975 sed
944 2943 1003 2975 habet

157 3000 227 3042 aliquid
249 3010 339 3039 assensus,
362 3000 485 3043 inquantum
496 3000 586 3032 adhaeret
597 2999 628 3032 uni
640 2999 698 3042 magis
710 3009 767 3041 qnam
778 2998 814 3031 alii.
831 3011 838 3028 a
850 3008 861 3039 3
877 3001 932 3037 Sena,
944 3000 961 3031 d.
974 3008 1002 3039 23,

156 3064 174 3097 q,
189 3066 205 3094 2,
218 3067 235 3089 a.
249 3066 265 3094 2,
278 3057 311 3089 sol.
326 3066 340 3089 1.
