1948 3333
232 70 236 84 ³
281 107 315 137 DE
331 106 494 138 CONSCIENTIA
510 106 666 138 SCRUPULOSA
868 106 897 151 27

48 253 68 297 si
82 250 163 295 dubito
177 249 205 292 de
218 246 385 300 commissione,
400 262 419 291 e.
434 261 454 304 g.
469 261 524 290 num
538 247 606 290 liceat
620 261 700 290 carnes
715 247 782 290 hodie
796 247 894 290 mandu-

48 344 107 380 care,
123 327 197 370 tutius
212 330 247 369 est
263 325 386 369 abstinere.
404 326 544 383 Principium
560 326 604 369 hoc
619 326 747 369 secundum
762 325 895 369 immediate

49 406 197 463 consequitur
215 419 244 448 ex
261 405 429 461 praecedente;
448 405 491 447 nisi
509 405 577 448 enim
588 408 681 462 partem
699 404 810 448 tutiorem
828 404 894 461 eligo,

49 500 103 531 cum
118 483 258 528 conscientia
273 483 346 527 dubia
361 497 443 539 operor
461 483 551 540 (omitto
567 484 605 527 vel
621 483 728 526 committ
745 483 760 540 ).

80 644 123 686 ΠΙ.
139 642 161 686 Si
174 655 203 684 ex
215 643 314 696 utraque
329 644 396 697 parte
410 644 506 697 apparet
519 644 642 697 peccatum
665 640 714 697 (nec
727 644 804 697 potest
819 640 855 683 hic
869 644 892 683 et

49 735 109 765 nunc
122 719 238 763 dubitatio
250 719 316 770 solvi,
330 719 371 762 sed
384 723 418 762 est
432 719 469 762 hic
482 723 504 762 et
517 733 578 762 nunc
591 719 740 775 invincibilis)
757 733 761 762 :
781 723 836 761 tunc
853 718 892 762 eli-

48 804 116 857 gatur
129 799 152 841 id
166 798 228 854 quod
241 797 335 840 videtur
348 811 396 840 esse
409 798 485 840 minus
498 801 628 854 peccatum,
644 798 694 840 aliis
708 798 791 849 verbis,
805 797 894 854 praeie-

48 882 119 928 ratur,
135 876 214 919 ceteris
229 862 332 932 paribus,
347 876 385 919 tex
399 876 501 932 superior
515 876 623 921 interiori.
640 876 664 920 Si
679 876 780 933 gravitas
795 875 894 919 relativa

48 954 145 999 discerni
162 954 249 1013 nequit,
268 954 367 1011 eligatur
378 955 527 1017 utrumlibet,
543 969 585 998 nec
602 955 744 1011 peccabitur,
764 954 818 1013 quia
835 968 893 997 nun-

49 1048 119 1090 quam
136 1033 201 1076 adest
217 1033 341 1075 necessitas
358 1033 468 1089 peccandi
490 1033 519 1089 (S.
536 1033 615 1090 Alph,
637 1037 665 1076 tr.
684 1035 702 1084 I,
719 1048 741 1076 n.
760 1033 803 1089 10).
822 1050 830 1073 α
841 1033 892 1077 Si...

49 1112 111 1168 quod
124 1108 216 1156 videtur
229 1111 329 1167 gravius,
343 1111 442 1168 eligitur,
456 1116 577 1168 peccatum
590 1112 753 1163 committitur,
769 1115 792 1154 at
805 1112 893 1154 secluso
925 1132 927 1137 ·

49 1191 133 1233 astectu
143 1203 222 1246 pravo,
234 1203 280 1232 non
290 1193 401 1246 peccatur
411 1190 516 1246 graviter,
527 1190 546 1233 si
557 1204 664 1233 excessus
675 1190 713 1233 ilie
723 1204 770 1232 nou
780 1194 806 1232 ut
817 1190 893 1246 gravis

48 1268 248 1325 apprehenditur»
265 1267 413 1324 (Lehmkuhi,
431 1273 465 1326 op.
482 1269 524 1320 cit,
541 1249 563 1312 n:
581 1269 626 1325 52).
642 1270 704 1312 Bene
721 1269 822 1319 adverte,
839 1282 893 1310 con-

47 1346 167 1389 scientiam
177 1346 311 1403 perplexam
321 1360 368 1388 non
378 1360 426 1389 esse
436 1347 483 1390 eius
494 1347 533 1405 qui
542 1347 616 1404 possit
627 1351 666 1390 am
676 1347 719 1389 hoc
729 1348 766 1391 vei
775 1347 813 1389 ilio
823 1347 893 1390 modo

49 1439 120 1481 agere,
133 1424 173 1467 ubi
185 1425 301 1481 utrimque
318 1428 416 1481 apparet
438 1429 558 1482 peccatum
575 1430 615 1468 aaut
626 1426 656 1479 ab
669 1426 757 1482 agendo
770 1425 891 1476 abstinere,

48 1503 88 1545 sed
99 1502 159 1545 illius
170 1503 216 1559 qui,
227 1503 276 1546 sive
287 1503 420 1545 committat
431 1504 479 1546 sive
489 1504 591 1555 omittat,
603 1504 648 1547 sibi
659 1504 775 1563 utrimque
786 1504 894 1546 videatur

48 1585 190 1637 peccaturus,
203 1584 229 1623 ut
240 1581 259 1623 si
270 1581 322 1637 quis
334 1596 352 1624 e.
365 1596 385 1638 g.
397 1582 482 1625 iuravit
493 1596 517 1625 se
528 1582 646 1625 hominem
658 1583 793 1633 occisurum,
806 1586 828 1625 et
840 1596 893 1624 con-

48 1663 170 1717 sequenter
185 1659 252 1702 timet
269 1674 298 1702 ne
315 1663 355 1702 aut
372 1660 475 1716 periurus
491 1661 528 1712 sit,
547 1664 587 1703 aut
604 1661 728 1704 homicida.

79 1816 117 1858 IV.
136 1815 280 1858 Conscientia
296 1816 439 1872 scrupulosa,
457 1817 516 1859 sicut
534 1817 563 1860 ab
581 1831 676 1860 erronea
687 1821 792 1860 accurate
810 1817 891 1860 distin-

47 1893 138 1948 guenda
154 1897 195 1944 est,
213 1885 245 1936 sic
262 1908 310 1936 non
326 1898 361 1937 est
379 1909 432 1937 cum
449 1895 520 1938 dubia
535 1896 672 1952 simpliciter
689 1896 770 1938 eadem
787 1896 891 1939 dicenda.

48 1971 147 2014 Dubitat
158 1972 176 2014 is
188 1972 281 2031 quidem
296 1973 335 2028 qui
349 1972 456 2029 scrupulo
470 1974 585 2025 turbatur,
600 1974 640 2016 sed
654 1975 688 2016 ita
701 1974 801 2024 dubitat,
816 1977 842 2016 ut
864 1988 894 2017 ex

47 2048 125 2104 aliqua
140 2053 206 2106 parte
222 2051 321 2094 dubium
338 2051 358 2094 ei
374 2051 507 2108 imprudens
524 2056 644 2108 appareat,
663 2066 690 2095 ac
706 2053 738 2095 sic
754 2052 892 2109 principium

47 2126 132 2169 habeat
148 2142 193 2184 quo
208 2129 306 2172 dubium
321 2133 400 2186 posset
416 2131 536 2186 deponere,
552 2131 597 2173 nisi
612 2131 667 2174 vani
682 2131 776 2174 timores
792 2131 892 2173 concita-

47 2208 147 2249 rentur1.
163 2207 184 2250 S.
198 2207 350 2263 Atphonsus:
366 2224 375 2247 n
388 2192 532 2251 Conscientia
544 2210 682 2265 scrupulosa
695 2213 730 2252 est
744 2224 777 2259 ea,
790 2224 848 2265 quae
862 2210 892 2252 ob

47 2282 107 2325 levia
120 2284 209 2327 motiva
224 2286 311 2344 absque
325 2286 458 2329 rationabili
472 2279 624 2330 fundamento
638 2287 767 2344 (scrupulus
781 2288 842 2330 enim
857 2292 891 2331 est

46 2359 120 2403 inanis
136 2363 296 2421 apprehensio)
312 2378 381 2421 saepe
396 2365 505 2409 formidat
520 2366 548 2409 de
563 2370 667 2422 peccato,
683 2366 724 2409 ubi
738 2380 761 2409 re
776 2380 831 2409 vera
845 2380 892 2408 non

47 2438 120 2482 adest.
132 2458 140 2480 u
155 2440 184 2497 (n.
201 2442 244 2499 Π).
259 2443 362 2487 Pertinet
376 2443 455 2502 itaque
467 2458 508 2500 per
520 2458 543 2487 se
556 2444 679 2501 scrupulus
694 2445 724 2487 ad
737 2445 891 2501 ignorantiam

45 2515 184 2570 vincibilem,
205 2520 302 2579 ideoque
321 2524 356 2564 est
374 2522 531 2578 deponendus.
551 2523 619 2580 Quod
637 2523 656 2565 si
674 2523 729 2566 vani
746 2523 840 2566 timores
858 2523 893 2566 ita

46 2599 148 2638 mentem
167 2600 341 2653 perturbarunt,
361 2603 388 2642 ut
410 2600 450 2642 fiat
470 2604 545 2643 status
560 2599 631 2644 'dubii
650 2600 796 2652 invincibilis,
817 2616 891 2658 neque

46 2673 166 2717 consilium
183 2677 231 2732 peti
246 2678 328 2734 possit,
345 2681 401 2720 tunc
417 2680 496 2721 valent
512 2680 572 2736 leges
589 2680 743 2723 conscientiae
759 2680 850 2724 dubiae,
869 2680 892 2724 Si

52 2786 288 2799 Ἢ

73 2845 87 2868 Ι.
102 2838 173 2871 «Venit
188 2842 233 2873 mihi
247 2843 363 2875 extrinsecus
378 2844 467 2886 cogitatio
482 2854 511 2876 me
525 2854 616 2887 peccasse,
633 2847 652 2876 et
666 2854 690 2876 ex
704 2845 763 2877 altera
777 2847 831 2888 parte
846 2846 891 2877 mihi

49 2890 113 2924 videor
124 2904 160 2927 non
172 2906 256 2938 peccasse
270 2908 273 2931 :
286 2901 351 2931 tamen
362 2900 423 2931 sentio
434 2900 454 2932 in
465 2901 499 2932 hoc
510 2901 645 2938 turbationem,
658 2901 677 2932 in
689 2903 782 2943 quantum
794 2901 860 2934 dubito
872 2904 892 2933 et

49 2945 69 2977 in
81 2952 172 2989 quantum
185 2963 222 2985 non
234 2954 314 2987 dubito:
327 2955 362 2987 iste
375 2957 403 2987 est
415 2956 488 2998 proprie
500 2957 603 2999 scrupulus.
614 2969 621 2986 u
635 2956 659 2998 (S.
671 2958 766 2989 Iennrrus
778 2966 790 2988 n
803 2959 890 2996 Lenem,

48 3002 144 3042 Exercitia,
158 3008 234 3050 Regrdoe
247 3011 267 3042 de
279 3011 382 3054 scrupulis,
395 3021 432 3054 reg.
445 3012 469 3054 2).
