2068 3413
162 133 192 176 44
388 131 556 172 puxasnonns
573 133 607 164 na
624 131 787 164 conscraurm

194 275 212 318 1.
232 276 281 318 Lex
298 274 369 317 dubia
387 288 433 316 non
451 273 546 331 obligat.
559 274 645 332 'Atqui
666 274 865 333 quotiescumque,
885 273 1011 317 exsistente

164 353 299 409 quaestione
317 352 344 395 de
362 352 411 395 solo
428 352 491 395 licito
509 353 547 397 vel
563 353 652 404 illicito,
671 356 707 396 est
726 352 804 410 opinio
822 366 875 398 vere
892 352 1009 410 solideque

163 431 289 488 probabilis
304 445 346 488 pro
361 430 475 482 libertate.
490 431 528 475 lex
542 431 615 475 dubia
629 431 728 475 dicenda
743 434 786 475 est.
802 433 862 488 Ergo
877 432 915 477 lex
928 431 953 475 in
967 430 1010 474 tali

163 523 220 553 casu
232 523 279 552 non
288 509 527 566 obligat—Probatur
534 510 611 554 616166.
622 511 671 554 Lex
683 524 730 553 non
741 509 836 567 obligat.
844 509 914 553 immo
921 509 945 552 in
956 512 1011 553 actu

163 589 265 631 secundo
280 592 375 631 nonest
390 588 434 639 lex,
449 602 490 631 seu
503 589 583 646 regula
598 589 717 632 actionum
732 588 879 634 subditorum
893 587 1008 639 directrix,

164 667 259 725 quando
277 680 328 709 eam
345 666 369 709 in
386 669 463 710 mente
480 681 522 710 sua
538 667 644 723 superior
661 667 794 711 conclusam
811 667 875 710 fovet
902 665 936 723 (ut
953 666 1010 709 dicit

164 745 305 803 Lehmkuhl,
325 749 359 803 op.
379 745 422 797 611,
441 748 458 788 t.
478 746 496 797 I,
515 760 536 789 n.
557 745 601 802 qr),
620 747 660 789 sed
678 749 771 803 oportet
789 749 815 789 ut
834 760 861 788 ea
879 760 892 788 a
909 744 1011 789 subditis

163 824 292 867 secundum
314 837 381 866 snam
394 827 513 869 naturam
535 824 695 881 participetur,
720 824 782 880 quod
807 825 841 875 iit,
864 824 888 866 in
910 823 1012 868 subditis

164 905 262 947 naturae
275 902 445 953 intellectualis
460 916 513 945 cum
526 902 614 945 subditi
627 902 759 959 percipiunt
772 903 846 959 legem
859 916 915 946 esse.
929 901 1011 960 Atqui„

165 980 205 1038 qui
220 979 314 1024 dubitat
331 980 359 1024 de
374 980 510 1023 exsistentia
525 980 587 1037 legis,
600 994 647 1024 non
662 980 761 1037 percipit
777 981 850 1037 legem
866 994 921 1024 esse.
940 982 1010 1037 Ergo,

164 1072 212 1101 non
226 1058 354 1116 adimpleta
367 1058 499 1102 condicione
514 1073 560 1118 qua
572 1057 610 1104 lex
621 1059 642 1102 ei
654 1046 787 1116 applicatur
800 1060 926 1102 secundum
944 1072 1010 1101 suam

164 1140 281 1188 naturam.
292 1137 311 1180 is
322 1137 370 1194 lege
381 1151 428 1180 non
438 1138 562 1194 obligatur*
572 1138 610 1180 lex
620 1138 640 1181 ei
651 1151 698 1180 non
708 1141 743 1181 est
754 1138 798 1182 lex
810 1138 846 1181 Ad
857 1151 906 1183 rem
917 1138 938 1188 S.
950 1137 1011 1180 Tho-

164 1229 215 1258 mas
237 1229 242 1259 :
263 1214 364 1259 «Nullus
383 1214 468 1272 ligatur
486 1230 527 1272 per
545 1220 698 1273 praeceptum
709 1215 803 1274 aliquod
830 1216 875 1259 nisi
893 1215 1011 1259 mediante

164 1293 262 1337 scientia
275 1292 336 1338 illius
350 1294 488 1351 praecepti»
504 1294 545 1351 (Dr
561 1294 663 1346 Veritate,
682 1309 704 1350 q.
722 1306 756 1350 17,
773 1308 793 1337 a.
812 1294 850 1352 3);
866 1297 888 1337 et
903 1293 988 1337 ibidem
1005 1307 1011 1337 t

167 1389 176 1413 r
185 1386 226 1415 nec
240 1386 269 1415 ex
281 1372 377 1429 imperio
391 1371 513 1418 alicuius...
528 1373 615 1416 domini
628 1373 714 1430 ligatur
727 1372 817 1429 aliquis,
831 1372 876 1415 nisi
888 1371 1010 1429 imperium

166 1450 267 1508 attingat
283 1451 361 1508 ipsum
376 1451 413 1493 cui
427 1450 570 1507 imperatur;
586 1451 680 1509 attingit
697 1454 776 1494 autem
791 1450 869 1508 ipsum
884 1464 925 1508 per
940 1449 1013 1493 scien-

165 1529 225 1572 tiam
236 1546 251 1573 1.
266 1530 288 1573 S.
301 1529 434 1586 Alphonsus
450 1528 481 1585 (in
495 1528 671 1573 «Dissertatiorre
684 1528 953 1587 661161661166-6666611166
966 1543 1011 1573 6116

166 1607 275 1651 moderato
297 1607 412 1665 opinionis
428 1608 553 1664 ¹probabilis
574 1608 600 1652 16
621 1622 729 1652 concursu
749 1606 930 1665 probabilioris»,
953 1606 1007 1649 anni

167 1685 232 1743 1755)
252 1700 256 1730 :
273 1686 386 1731 «Certum
400 1688 435 1729 est
451 1688 526 1730 Deum
540 1686 655 1732 libertatis
671 1685 800 1729 dominium
816 1685 903 1728 homini
918 1699 1011 1728 conces-

165 1765 228 1816 sisse,
242 1767 269 1807 ut
282 1778 347 1821 agere
359 1767 437 1821 posset
451 1764 528 1808 omnia
540 1779 599 1821 quae
612 1779 626 1807 a
638 1764 718 1808 divina
729 1765 778 1821 lege
791 1778 837 1807 non
849 1763 1007 1821 prohibentur,

165 1846 192 1885 ut
207 1857 237 1885 ex
250 1843 363 1899 Apostolo
378 1856 392 1885 r
407 1844 464 1893 Cor,
479 1854 500 1899 7,
516 1855 543 1899 37
560 1857 564 1887 :
581 1860 589 1884 r
600 1844 746 1887 Potestatem
760 1846 838 1886 autem
852 1842 940 1885 habens
954 1855 1012 1885 suae·

165 1920 302 1965 voluntatis.
314 1921 570 1968 1-Ρ6616166611661.
584 1921 692 1980 Quandiu
704 1921 770 1964 adest
782 1923 862 1966 contra
872 1920 927 1977 legis
939 1920 1011 1963 exsis-¹

165 1999 265 2043 tentiam
276 1999 336 2044 ratio
346 2013 399 2044 vere
410 2000 527 2055 solideque
537 1998 671 2057 probabilis,
685 2000 860 2056 qualiscumque
871 1998 1013 2056 supponitur

165 2092 214 2121 esse
225 2091 331 2121 excessus
343 2078 514 2135 probabilitatis
525 2092 566 2135 pro
577 2078 633 2134 legis
645 2078 789 2129 exsistentia,
801 2078 839 2121 lex
848 2079 951 2123 remanet
963 2090 1013 2137 non.

165 2156 234 2207 scitas¹
248 2170 289 2199 nec
304 2155 439 2213 simpliciter
454 2156 579 2213 percipitur
595 2170 639 2200 csse
655 2156 728 2213 legera,
746 2156 808 2212 quod
823 2155 881 2200 nihii
896 2155 959 2198 aliud
974 2157 1009 2198 est

166 2233 210 2277 nisi
222 2235 296 2291 legem
310 2248 358 2277 esse
372 2235 475 2279 dubiam,

197 2392 228 2435 ΙΙ.
242 2392 278 2435 Ex
290 2391 372 2448 agendi
383 2392 472 2436 ratione
484 2391 605 2436 Ecclesiae.
618 2392 731 2436 Doctrina
742 2380 908 2448 probabilismi,
920 2391 939 2435 si
950 2390 1013 2434 laisa.

166 2473 209 2520 est,
222 2469 345 2512 laxitatem
356 2470 444 2513 inducit
456 2470 480 2513 in
491 2470 592 2515 moribus
605 2484 652 2512 non
664 2470 742 2526 quoad
755 2470 869 2526 quaedam
881 2472 975 2512 tantum
986 2471 1011 2520 61

166 2562 208 2605 per
224 2547 337 2599 accidens,
353 2549 394 2592 sed
410 2549 487 2605 quoad
502 2548 586 2600 omnia,
602 2563 643 2605 per
658 2562 689 2600 se,
706 2551 729 2591 et
746 2547 813 2604 quasi
827 2547 867 2590 via
881 2550 904 2591 et
913 2546 1008 2598 ratione,

108 2681 109 2686 ¹
166 2640 220 2669 cum
233 2626 358 2670 raetlrodirru
370 2627 480 2684 praebeat
493 2627 647 2671 universalem
661 2641 708 2682 qua
720 2624 784 2669 vitae
797 2615 936 2669 christianae
948 2626 1012 2682 leges·

167 2705 298 2749 eludantur.
310 2704 389 2761 Atqui,
401 2708 514 2762 repugnat
525 2708 551 2748 ut
562 2705 615 2748 talis
627 2703 857 2761 1661161111166661166
868 2705 897 2748 61)
907 2704 1013 2748 Ecclesia

166 2784 284 2834 toleretur,
299 2797 352 2827 cum
365 2783 431 2828 facile
444 2783 517 2840 possit
530 2784 587 2835 tolli,
601 2785 723 2839 multoque
735 2782 809 2840 magis
822 2786 849 2826 ut
862 2782 1011 2833 6116666161,

167 2866 240 2919 utque
257 2864 386 2917 potestates
403 2862 427 2904 in
444 2862 711 2913 Ε661651666651116166,
730 2876 777 2917 qua
793 2859 1011 2912 16165,’1(6166616111

166 2939 301 2997 systematis
313 2939 426 2997 principia
438 2943 556 2997 usurpent.
571 2942 647 2992 Porro,
662 2939 766 2985 Ecclesia
777 2940 860 2985 tolerat
873 2939 1012 2997 probabilis-

166 3032 239 3069 mum,
250 3018 321 3060 immo
332 3018 351 3061 ei
361 3019 425 3062 iavet
435 3020 504 3062 modo
514 3019 583 3063 dicto.
594 3020 655 3076 Ergo
666 3018 772 3063 doctrina
781 3017 940 3075 probabilismi
950 3017 1012 3060 iaisa
