1948 3333
400 119 537 152 concrusro
865 110 892 154 81

43 277 91 306 non
105 262 162 306 satis
177 263 295 308 advertere
308 262 424 314 videntur,
435 262 475 319 qui
488 261 601 320 principio
608 261 758 319 possessionis
769 265 891 307 coarctant

44 356 113 385 usum
128 341 287 399 probabilismi
304 340 334 399 (p.
350 341 426 399 47-50)
445 355 449 385 ε
467 342 558 399 fingunt
574 340 641 392 enim,
658 341 797 385 adveniente
812 341 891 393 dubio,

43 434 137 465 manere
155 421 228 477 legem
247 425 395 465 corturiacum
414 433 441 463 eo
458 419 597 478 litigantem,
617 419 690 477 quasi,
709 419 782 463 dubio
801 423 890 471 exorto,

12 532 15 535 1
43 502 149 544 maneret
161 499 275 543 certitudo
287 499 486 556 quemadmodum
497 502 576 542 manet
588 498 701 556 possessio
712 498 745 544 rei
755 482 890 550 materialis

1 568 2 571 ¹
43 578 208 621 reclamatione
227 581 314 623 exorta.
335 577 401 635 Quod
422 580 502 625 autem
521 591 557 634 ego
577 581 641 621 autea
658 581 735 622 certus
754 577 846 629 luerim,
866 576 890 621 id

17 710 18 713 Ἰ
43 657 134 700 iactum
146 656 281 714 empiricum
293 658 334 707 est,
348 655 478 712 quodcum
490 655 522 700 rei
534 655 632 701 veritate
644 669 690 699 non
702 656 774 699 habet
787 670 891 699 necessa-

43 729 103 779 riam
117 734 290 778 connexionem.
305 734 329 778 Si
342 748 396 779 vero
410 734 492 778 dicunt
507 734 689 780 anterioritatem
697 734 734 792 agi
743 748 791 777 non
800 737 891 792 tempo-

43 814 117 858 ralem
128 814 167 857 sed
179 806 263 858 realem
272 811 302 871 (p.
309 825 344 870 49,
352 816 401 856 not.
409 812 440 870 3),
447 813 472 856 id
483 813 515 870 1⁰)
527 812 694 871 possessionem
704 812 760 870 legis
771 795 890 859 induceret

44 892 116 935 etiam
134 892 175 935 ubi
193 906 244 936 earn
262 892 340 935 adesse
358 894 444 948 negant
464 891 708 949 aequiprobabilistae,·
724 906 743 935 e.
763 906 784 949 g.
803 891 844 935 ubi
862 891 890 935 de

44 970 102 1014 irrito
117 974 222 1027 tempore
239 970 391 1014 abstinentiae
407 970 547 1023 dubitatur;
564 984 590 1013 ac
607 970 640 1028 20)
658 970 829 1014 advertendum
846 973 888 1021 est,

45 1048 183 1094 anteriorem
194 1063 242 1100 esse
253 1048 359 1092 omnibus
369 1048 459 1106 legibus
469 1039 648 1106 particularibus
659 1062 706 1092 non
717 1049 813 1106 quidem
823 1048 890 1094 liber·
945 1082 947 1087 ,

43 1130 119 1170 tatem
130 1128 272 1170 illimitatam
284 1130 401 1173 creaturae
413 1128 525 1173 adversus
537 1130 619 1179 Deum,
632 1129 694 1184 quod
706 1128 835 1174 absurdum
846 1131 888 1179 est,

44 1206 84 1249 sed
98 1206 262 1262 obligationem
274 1196 297 1249 in
309 1208 385 1251 Deum
396 1206 516 1258 tendendi,
530 1220 583 1249 cum
592 1206 702 1251 libertate
714 1207 743 1250 de
755 1206 838 1250 mediis
851 1206 890 1249 eli-

44 1284 124 1341 gendis
141 1284 181 1328 ubi
197 1285 225 1328 de
241 1283 374 1341 particulari
389 1283 531 1341 obligatione
547 1298 593 1327 non
609 1287 707 1328 constat.
726 1284 763 1329 Sic
778 1284 850 1342 igitur
865 1283 889 1327 in

43 1376 100 1406 casu
115 1365 195 1406 manet
210 1363 311 1408 libertas.

378 1536 552 1581 CONCLUSlO

75 1694 133 1737 Cum
150 1693 297 1737 assuetudine
313 1694 428 1739 bonorum
444 1707 541 1751 operum
558 1694 607 1746 fiat,
624 1696 650 1737 ut
667 1694 701 1738 lox
717 1694 892 1752 quodammodo

45 1772 178 1817 transeatur
189 1771 288 1816 uirtutem
301 1771 380 1829 (Renz,
396 1776 431 1830 op.
443 1771 488 1824 cit,
499 1787 522 1830 p.
535 1771 593 1829 157),
605 1786 652 1815 non
663 1772 719 1830 legis
730 1772 890 1824 evacuatione,

12 1860 14 1863 ⁴
44 1851 86 1894 sed
98 1850 198 1894 hominis
210 1850 280 1894 etiam
292 1851 398 1894 animalis
410 1850 560 1902 subiectione,
573 1850 717 1896 exterioritas
728 1854 810 1894 tamen
823 1864 892 1907 quae-

44 1929 100 1972 dam
113 1928 169 1986 legis
184 1928 221 1971 hic
234 1943 323 1987 semper
335 1929 447 1981 manebit,
462 1928 567 1973 manebit
581 1929 658 1981 etiarn,
674 1929 752 1987 quoad
767 1929 890 1985 quaedam,

44 2021 187 2063 consequens
202 2007 349 2053 incertitudo.
366 2008 430 2066 Quae
445 2007 470 2050 in
485 2008 533 2051 dies
548 2007 666 2060 minuitur,
682 1996 739 2052 dum
755 2008 826 2051 homo
842 2010 892 2053 Deo

35 2083 148 2140 similior,
166 2102 175 2126 (ι
183 2099 224 2143 per
238 2086 311 2143 legem
324 2085 440 2131 libertatis
452 2103 461 2127 r
475 2085 557 2143 incipit
572 2099 619 2129 non
632 2086 799 2130 tantummodo
816 2085 892 2129 «iudi-

44 2163 92 2208 cari
103 2181 112 2205 r
129 2164 192 2220 (Iac,
208 2177 227 2216 2,
245 2164 279 2221 12)
294 2164 334 2208 sed
348 2164 457 2209 iudicare.
