1948 3333
281 92 314 122 DE
331 90 494 123 CONSCIENTIA
509 91 636 123 ERRONEA'
827 109 829 112 .
843 93 877 138 ’11]

30 243 112 287 rectae,
125 235 252 278 secundum
264 247 322 289 quas
335 250 344 273 1
353 247 388 276 res
400 232 493 277 moralis
505 251 514 274 1)
525 233 548 275 in
560 222 740 289 (111011111111111151
752 247 797 276 esse
805 231 875 277 abso-

31 320 80 362 luto
95 312 259 358 consideratur.
276 311 327 355 Etsi
342 311 403 354 enim
418 325 453 354 res
468 311 569 363 moralis,
584 325 624 354 seu
640 311 701 354 actio
717 312 818 368 agenda,
828 311 875 355 non

30 394 113 440 desinit
130 405 179 435 esse
196 390 283 434 homini
299 383 404 441 relativa,
423 393 454 442 at,
472 390 496 432 in
512 390 557 435 illis
574 390 751 447 simplicioribus
768 389 876 435 determi-

31 470 170 521 nationibus,
185 473 219 512 est
232 468 331 514 relativa
344 468 432 512 homini
445 483 489 525 qna
502 470 564 513 1101110
578 473 614 520 est,
629 473 652 512 et
665 469 716 512 ideo
730 469 786 511 satis
800 469 842 514 erit
850 468 875 511 ³si

30 548 203 605 cointellegetur
221 547 337 605 appetitui
354 547 471 590 communi
490 547 536 603 qui,
555 561 609 590 cum
626 547 650 590 in
668 546 775 591 omnibus
793 547 876 590 similis

6 686 7 689 Ἴ
31 627 168 673 naturaliter
184 625 322 676 inveniatur,
340 626 370 669 ab
386 625 494 669 omnibus
511 626 582 669 etiam
598 630 681 683 sponte
698 626 875 683 cointellegitur,

30 722 88 764 cum·
100 705 227 764 procedunt
246 704 276 747 ad
293 704 368 747 officia
385 704 568 748 determinanda.
587 706 622 748 Ea
638 708 717 748 tamen
735 719 794 760 quae
810 705 875 748 dicta

30 789 92 837 sunt,
105 781 172 827 utilia
183 787 244 834 sunt,
258 796 304 825 non
316 786 411 826 tantum
423 786 450 825 ut
462 786 524 827 recte
536 783 681 826 existimetur
693 784 722 827 de
734 783 875 826 conscientia

30 862 177 920 culpabiliter
194 875 287 905 erronea
307 860 442 917 (secundum
460 876 488 904 ea
505 876 564 919 quae
582 865 647 905 tacta
663 865 717 905 sunt
732 877 755 918 p.
776 861 873 918 13)‡,·sool

31 942 102 986 etiam
115 943 141 983 ut
155 940 268 984 iudicetur
281 939 309 982 de
323 940 430 985 ulteriore
444 954 471 982 ac
484 940 629 997 progressiva
641 940 874 984 rectificatione'con-
888 954 891 958 ·

31 1005 139 1063 scientiae
149 1018 196 1062 iam
206 1021 289 1069 rectae,
301 1018 364 1076 quod
371 1017 474 1075 pertinet
487 1019 516 1061 ad
528 1019 658 1070 asceticam,
671 1033 729 1077 quae
740 1033 794 1075 pars
805 1032 874 1075 quae-

30 1099 85 1141 dam
95 1096 178 1148 nobilis
189 1100 223 1140 est
234 1096 327 1140 moralis
337 1096 467 1153 theologiae
480 1111 485 1140 :
497 1098 559 1153 quod
570 1101 648 1140 autem
659 1112 686 1140 ea
697 1098 726 1140 ad
738 1101 811 1140 artem
822 1110 874 1154 pro-

31 1176 82 1233 pius
100 1175 194 1218 accedat
211 1188 281 1231 quam
298 1175 329 1217 ad
345 1175 473 1226 scientiam,
491 1179 557 1232 patet
574 1190 603 1218 ex
618 1176 806 1219 individualitate
816 1176 875 1232 ipsa

31 1253 115 1298 obiecti
129 1253 183 1305 eius,
198 1253 262 1296 cuius
276 1257 394 1296 causaest
408 1252 432 1295 in
446 1253 490 1296 hoc
503 1253 650 1311 paragrapho
664 1255 787 1298 declarata.

62 1331 225 1376 Conscientiam
239 1336 318 1375 rectam
333 1332 401 1389 ligare
416 1336 435 1375 et
449 1331 543 1389 obligare
559 1331 636 1389 (ligare
650 1333 735 1375 dicitur
748 1332 875 1389 prohibens

31 1423 60 1453 ne
74 1410 179 1461 violetur,
196 1409 296 1467 obligare
311 1409 454 1473 praecipiens
470 1414 496 1453 ut
512 1411 657 1467 oboediatur)
674 1411 746 1468 liquet
763 1425 792 1454 ex
806 1409 876 1454 dictis

31 1488 56 1530 in
67 1502 118 1545 cap.
133 1489 151 1532 I.
165 1490 207 1532 Est
220 1488 281 1532 1111111
294 1488 420 1545 applicatio
432 1489 526 1546 propria
537 1489 593 1546 legis
607 1493 713 1533 aeternae
726 1492 748 1532 et
761 1488 876 1534 naturalis

32 1565 126 1617 homini,
139 1566 179 1624 qui
189 1567 306 1610 subiectus
318 1566 410 1623 utrique
421 1566 466 1624 legi
477 1570 512 1610 est
526 1567 568 1624 (cir
580 1565 873 1624 S,Thomam,DeVetitatc,

32 1657 54 1700 q.
66 1657 99 1701 17,
111 1658 131 1695 a.
141 1644 171 1701 3).
190 1645 272 1701 Liquet
282 1645 353 1688 etiam
363 1660 409 1688 non
418 1644 540 1702 triplicem,
550 1646 590 1689 sed
600 1660 671 1689 unam
681 1651 703 1690 et
717 1647 813 1689 eandem
825 1657 876 1689 esse

32 1722 202 1780 obligationem,
222 1723 277 1781 legis
298 1727 412 1775 aeternae,
433 1724 489 1780 legis
509 1725 629 1776 naturalis,
650 1724 809 1768 conscientiae.

428 1871 471 1917 §a

297 1991 333 2027 De
348 1989 490 2028 conscientia
504 2001 602 2028 erronea

63 2115 81 2158 Ι.
96 2116 148 2159 Non
161 2117 210 2159 sola
222 2117 362 2160 conscientia
374 2120 444 2169 recta,
458 2118 498 2160 sed
511 2117 563 2175 ipsa
576 2118 647 2161 etiam
661 2118 801 2161 conscientia
813 2129 875 2162 erro—

31 2205 75 2234 nea
89 2192 107 2249 (u
116 2207 175 2249 quae
187 2195 260 2239 dictat
273 2195 359 2238 falsum
371 2199 486 2255 tanquam
498 2210 605 2248 verum»,
619 2198 657 2240 vel
669 2211 728 2253 quae
740 2197 813 2240 dictat
825 2205 873 2241 non

31 2270 178 2317 conformiter
190 2273 305 2331 appetitui
317 2274 388 2332 recto)
402 2274 458 2331 ligat
471 2288 499 2318 ne
511 2278 593 2317 contra
604 2290 655 2318 eam
668 2289 771 2333 agamus.
784 2277 824 2321 Vel
829 2293 834 2327 ,2
846 2279 872 2318 ut
925 2318 927 2321 .

30 2349 106 2392 verbis
117 2352 211 2394 utamur
222 2353 243 2397 S.
255 2352 364 2404 Thomae‚
377 2369 386 2393 11
395 2353 504 2397 voluntas
515 2353 648 2398 discordans
660 2354 771 2397 aratione
782 2358 874 2397 errante

31 2430 65 2468 est
78 2428 160 2470 mala»
174 2429 220 2485 (Cir
234 2438 313 2482 11119,
329 2445 350 2486 q.
366 2444 400 2488 19,
415 2445 435 2474 a.
449 2431 479 2488 5).
705 2488 707 2494 Ι

61 2505 125 2548 Idem
138 2520 186 2550 rem
200 2509 231 2552 sic
244 2509 328 2566 probat
341 2523 345 2553 :
361 2525 370 2549 «
380 2508 439 2568 Quia
452 2496 569 2553 obiectum
582 2511 710 2553 voluntatis
724 2514 759 2553 est
772 2510 801 2555 id
810 2511 873 2570 quod

30 2584 167 2640 proponitur
179 2601 193 2629 a
204 2588 299 2639 ratione,
313 2591 339 2630 ut
352 2587 442 2631 dictum
454 2591 496 2639 est,
510 2603 539 2631 ex
551 2602 597 2644 quo
610 2589 698 2647 aliquid
710 2581 875 2645 proponitura

30 2661 118 2704 ratione
129 2666 155 2705 ut
166 2666 260 2717 malum,
273 2667 389 2717 voluntas,
401 2666 458 2709 dum
469 2666 493 2708 in
503 2666 561 2710 illud
573 2666 651 2718 fertur,
665 2667 748 2724 accipit
759 2667 873 2711 rationem

30 2738 92 2784 mali.
104 2740 154 2784 Hoc
165 2747 242 2787 autem
252 2744 365 2802 contingit
375 2758 422 2787 non
431 2745 506 2788 solum
516 2745 540 2787 in
549 2745 740 2797 indifferentibus,
750 2746 873 2790 sedetiam

30 2814 54 2857 in
63 2832 104 2873 per
114 2831 137 2861 se
148 2820 214 2865 bonis
224 2823 262 2866 vel
271 2822 346 2867 malis.
357 2825 411 2868 Non
421 2823 496 2867 solum
507 2823 568 2866 enim
578 2823 602 2866 id
614 2825 675 2880 quod
686 2827 721 2867 est
732 2822 872 2875 indifferens,

29 2897 106 2948 potest
123 2898 224 2956 accipere
239 2900 352 2946 rationem
368 2900 423 2944 boni
438 2902 476 2944 vel
490 2899 546 2944 mali
561 2916 602 2958 per
617 2902 728 2953 accidens,
745 2903 785 2946 sed
800 2898 872 2946 etiam

29 2969 53 3013 id
65 2975 127 3029 quod
139 2980 174 3019 est
186 2979 273 3022 bonum
285 2983 363 3037 potest
376 2979 478 3040 accipere
490 2979 604 3024 rationem
615 2980 678 3033 mali,
690 2981 728 3024 vel
739 2981 797 3025 illud
805 2979 872 3038 quod
