1948 3333
206 75 360 107 ARGUMENTA
376 74 649 117 PROBABILIORISTARUM
823 73 852 116 41

4 219 132 278 transgredi
142 218 280 266 mandatum
297 217 340 261 Dei
356 216 385 259 de
396 215 509 260 deletione
525 217 641 260 Amalec»
652 229 657 268 ;
669 214 790 272 probabile
802 217 850 260 erat

5 302 110 348 Roboam
124 297 251 356 (3Reg.,12)
260 294 388 339 'consilium
399 295 522 347 iuvenum;
534 294 655 352 probabile
666 294 727 338 Osae
740 293 850 353 (allogbl

3 397 27 425 se
39 390 134 422 manum
146 375 269 419 extendere
281 387 349 431 posse
362 374 392 417 ad
406 387 482 420 arcam
495 373 538 418 Dei
550 372 726 431 protegendam.
740 372 850 416 Eiusdem

3 461 49 504 iere
61 455 173 499 momenti
184 456 238 497 sunt
250 455 389 509 argumenta
399 467 429 496 ex
440 452 555 504 Patribus,
567 453 628 495 sicut
640 465 712 509 supra
722 451 850 508 tetigimus,

33 576 77 620 ΠΙ.
92 571 198 623 Ratione,
212 571 244 614 sic
261 585 265 615 :
288 571 348 615 «Cui
362 570 478 614 sententia
492 569 570 626 aliqua
584 572 683 627 apparet
697 569 847 626 probabilior,

4 651 106 712 quandiu
119 650 143 693 in
156 665 183 693 ea
196 652 238 701 est,
253 662 300 692 non
313 652 393 706 potest
407 649 435 692 de
448 648 564 694 contraria
577 647 706 694 favorabile
720 648 778 694 terre
791 647 851 691 iudi-

3 733 71 777 cium.
92 731 171 785 Neque
190 727 250 771 enim
271 727 321 771 fieri
339 730 418 785 potest
437 730 463 769 ut
483 727 624 772 assentiatur
643 727 664 771 ei
683 741 754 783 quam
772 726 848 769 minus

3 807 143 869 probaverit.
165 808 225 863 Ergo
246 807 351 858 alteram,
373 820 428 851 vero
448 805 500 849 licet
521 805 642 862 opinativo
663 805 755 856 iudicio,
777 804 848 849 credit

2 900 82 933 veram
94 886 142 929 sive
154 884 273 936 veriorem,
287 884 322 927 ita
334 884 438 928 dictante
451 884 598 927 conscientia.
611 901 620 925 »
635 883 748 941 (Bossuet,
761 883 850 927 Disser-

3 965 132 1015 tatirmcala,
147 965 178 1015 ll,
192 977 214 1007 n.
229 962 273 1020 20).
289 963 370 1020 Igitur,
385 963 425 1019 qui
438 963 587 1019 amplectitur
599 976 652 1005 eam
664 965 763 1019 partem,
778 976 850 1017 quam

2 1043 143 1102 probabilius
157 1042 243 1085 iudicat
258 1055 307 1085 esse
321 1025 435 1093 illicitam,
456 1045 537 1087 contra
550 1040 717 1084 conscientiam
731 1044 846 1098 operatur,

3 1126 25 1166 et
45 1121 77 1164 sic
94 1124 182 1178 peccat.

32 1240 71 1283 IV.
90 1238 132 1283 Vel
148 1238 186 1281 sic.
206 1239 233 1281 In
250 1251 364 1283 concursu
381 1237 612 1298 probabilioriscum
629 1237 706 1280 minus
724 1236 846 1294 probabili,

2 1315 154 1374 probabilitas
168 1315 242 1361 minor
256 1320 380 1372 superatur
395 1319 418 1359 et
433 1315 526 1361 eliditur
541 1330 555 1359 a
568 1315 662 1367 maiore,
678 1315 713 1358 ita
727 1319 753 1358 ut
769 1318 849 1358 stante

1 1394 130 1452 cognitione
145 1394 225 1451 prioris
241 1398 267 1438 ut
282 1394 452 1451 probabilioris,
468 1395 541 1438 altera
555 1394 689 1439 nullatenus
704 1393 778 1451 possit
793 1393 848 1451 legi-

2 1473 58 1515 time
80 1476 181 1516 mentem
203 1473 294 1516 trahere
314 1458 348 1516 'ad
372 1486 498 1517 assensum.
523 1473 652 1518 Probabilis
676 1475 762 1523 autern,
785 1476 846 1517 recte

1 1551 124 1607 loquendo,
133 1551 217 1594 dicitur
225 1566 252 1594 ea
259 1551 377 1595 sententia
385 1565 444 1608 quae
452 1552 525 1608 possit
533 1551 635 1608 legitime
643 1554 747 1594 mentem
755 1551 846 1596 trahere

2 1629 31 1671 ad
45 1643 170 1674 assensum.
185 1631 245 1686 Ergo
258 1629 335 1673 minus
349 1628 483 1687 probabilis,
497 1632 524 1673 ut
537 1629 592 1673 talis
606 1630 706 1687 cognita,
721 1643 749 1673 ne
763 1629 847 1686 proba-

1 1706 53 1751 bilis
68 1707 161 1763 quidem
175 1711 285 1759 remanet,
301 1711 324 1751 et
339 1708 372 1751 sic
387 1708 565 1751 fundamentum
580 1708 690 1766 praebere
705 1722 752 1751 non
766 1710 844 1764 potest

0 1779 84 1827 udicio
100 1785 186 1830 reflexo
203 1785 368 1831 conscientiam
385 1790 473 1832 certam
489 1787 651 1831 etiormante.·

29 1903 56 1946 V.
72 1903 107 1946 Sic
120 1903 191 1947 etiam
206 1903 319 1961 (Billuart,
334 1905 348 1949 l.
363 1896 388 1956 b,
403 1920 425 1962 p.
440 1904 490 1961 362)
507 1919 512 1949 :
527 1921 536 1946 <i
545 1904 704 1961 Transgressio
718 1904 846 1950 materialis¹
880 1956 882 1959 Ι

0 1979 53 2036 tegis
67 1995 114 2024 non
127 1985 162 2025 est
176 1983 237 2026 bona
250 1996 292 2026 nec
307 1984 447 2040 appetenda,
462 1983 502 2026 sed
515 1983 626 2041 fugienda
640 1986 756 2040 quantum
769 1996 845 2028 mora-

0 2057 50 2102 iter
62 2062 146 2114 potest,
159 2061 219 2118 leges
231 2061 292 2104 enim
303 2065 387 2104 sunt...
400 2061 424 2104 in
434 2061 522 2105 bonum
537 2047 702 2105 commune...:
719 2062 791 2117 atqui,
804 2061 844 2118 qui

0 2151 7 2173 ε
13 2136 45 2191 git
58 2138 119 2195 quod
129 2139 270 2195 probabilius
282 2139 391 2182 aestimat
403 2154 451 2183 esse
461 2144 541 2185 contra
550 2141 632 2198 legem,
643 2154 690 2183 non
701 2140 760 2197 iugit
772 2154 845 2196 quan-

9 2227 49 2256 um
67 2216 217 2261 materialiter
235 2221 313 2274 potest
332 2218 537 2274 transgressionem
556 2219 702 2263 materialem
720 2219 783 2276 legis,
803 2219 843 2262 sed

2 2291 75 2335 notius
92 2292 156 2338 illam
174 2296 272 2353 appetit,
290 2295 375 2340 saltem
393 2296 568 2353 interpretative
588 2312 593 2342 :
611 2311 672 2354 ergo.
684 2314 693 2338 >r

28 2370 78 2412 Hae
94 2375 142 2415 tres
158 2373 266 2426 rationes,
283 2375 328 2418 sub
344 2376 446 2421 numeris
463 2377 507 2428 III,
525 2377 564 2427 IV,
582 2378 603 2420 V
619 2376 717 2433 positae,
735 2375 843 2433 usurpari

0 2446 70 2491 tiam
83 2455 180 2506 possunt
196 2466 209 2494 a
222 2452 352 2498 fautoribus
368 2453 603 2510 aequiprobabilismi,
619 2454 666 2510 qui,
682 2454 711 2497 de
727 2468 782 2497 casu
797 2467 845 2510 quo·

21 2524 73 2581 inus
89 2529 215 2584 probabilis
232 2532 347 2577 concurrit
365 2545 419 2574 cum
436 2536 497 2576 certe
514 2531 676 2589 probabiliore,
694 2532 798 2575 sentiunt
816 2534 842 2575 ut

2 2603 203 2652 urobabilioristae.
224 2610 262 2661 At,
284 2610 312 2653 de
333 2609 445 2653 conflictu
465 2611 564 2656 duarum
585 2625 658 2667 aeque
678 2595 842 2668 probabilium,

1 2681 197 2730 robabilioristae
220 2691 301 2733 contra
325 2688 575 2745 aequiprobabilistas1
599 2692 793 2747 argumentantur
816 2692 843 2732 ut

0 2759 121 2814 equitur:

22 2876 37 2899 1.
47 2867 135 2910 adverte,
150 2883 181 2906 eos
194 2875 264 2917 passim
278 2885 289 2907 a
302 2876 385 2908 Billuart
398 2876 462 2909 vocari
475 2877 608 2920 probabilistas,
624 2878 659 2910 etsi
674 2878 765 2920 agnoscat
779 2886 809 2909 eos
823 2878 845 2909 et

6 2921 64 3007 eifecta
72 2926 133 2959 minus
141 2931 233 2971 probabili
241 2933 260 2963 et
268 2931 350 2965 admisso
358 2932 452 2976 principio
459 2933 584 2975 possessionis,
602 2943 613 2965 a
622 2945 629 2963 u
637 2933 771 2977 probabilismo
779 2943 827 2975 vago
836 2944 846 2962 >r

0 2985 18 3006 ·e
27 2986 88 3014 ecrsse¹
100 3005 101 3008 ,
