2068 3413
133 109 161 163 58
359 122 528 163 QUAESTIONES
544 123 577 154 na
593 122 755 155 consciarum

132 277 173 308 cur
187 263 224 306 hic
238 264 276 307 vel
289 263 326 307 ille
340 263 372 306 sic
387 264 425 308 vel
438 263 470 307 sic
485 264 598 320 opinetur,
613 264 643 307 sit
657 265 753 308 tandem
768 265 797 309 ad
813 265 915 322 aliquam
930 265 978 309 eius

132 331 299 397 particularem
314 341 451 385 sensitivam
465 342 643 399 dispositionem
656 343 795 386 reducenda.

163 422 226 465 Haec
245 421 339 477 quidem
356 419 444 478 duplex
461 422 625 477 consequentia
642 422 734 465 videtur
752 422 836 468 habere
854 423 978 466 difficulta-

131 502 187 542 tem.
199 500 259 543 Nam
270 499 295 543 ia
304 500 377 557 priore
386 500 480 556 quidem
489 501 595 544 videmur
604 500 739 557 cognitionis
748 501 844 544 modum
854 502 884 545 ad
893 501 979 545 obiecti

132 578 292 621 condicionem
305 579 389 621 iniuria
402 578 526 624 transferre
540 594 544 623 z
560 580 632 635 liquet
647 579 708 622 enirn
724 580 813 622 iactum
831 580 938 623 sensibile
954 583 977 623 et

132 657 267 713 contingens
285 658 403 700 interdum
420 671 473 700 curn
490 658 593 715 perfecta
609 658 746 701 certitudine
763 659 884 714 cognosci;
902 659 975 715 liquet

132 735 204 778 etiarn
219 750 288 792 saepe
306 736 342 792 (ne
358 737 449 779 dicatur
464 736 607 793 plerumque)
626 737 705 779 haberi
721 737 750 780 ab
766 737 859 780 homine
874 741 979 780 tantum-

132 814 202 856 modo
213 814 360 871 opinativam
370 815 525 872 cognitionem
536 816 564 858 de
574 815 601 857 iis
613 820 735 870 quaesunt
746 815 846 859 maxime
858 830 871 858 a
881 816 980 859 materia

134 892 260 937 abstracta.
280 894 310 936 In
328 894 396 937 altem
415 897 493 937 autem
511 893 617 937 videmur
634 907 726 936 omnem
745 894 898 950 cognitionem
917 891 1002 950 quae“''

133 974 197 1013 certa
217 985 263 1013 non
283 971 320 1023 sit,
343 973 372 1014 ad
393 985 481 1015 meram
501 972 690 1029 imaginationem
711 973 836 1015 amandare
847 987 852 1024 ;
872 973 979 1016 videmur

132 1050 217 1092 saltem
232 1050 257 1092 id
274 1051 336 1106 quod
352 1064 423 1093 causa
440 1051 585 1106 quarundam
602 1050 736 1106 opinionum
752 1065 800 1094 esse
816 1065 857 1107 per
873 1051 979 1094 accidens

133 1131 219 1185 potest,
230 1128 254 1170 in
263 1128 418 1174 universalem
428 1143 523 1172 causam
533 1128 616 1185 erigere
628 1143 632 1171 :
642 1129 710 1174 detur
719 1129 780 1172 enim
795 1143 864 1186 saepe
874 1130 979 1172 homines

133 1206 171 1250 vel
186 1221 215 1250 ex
230 1208 390 1264 complexione
405 1221 454 1258 sua,
471 1206 508 1251 vel
523 1222 552 1250 ex
567 1207 645 1264 aliqua
659 1208 854 1251 transmutatione
869 1216 980 1264 corporea

133 1285 158 1327 in
169 1286 285 1344 quaedam
296 1286 381 1329 iudicia
391 1286 502 1337 inclinari,
515 1289 539 1329 at
551 1286 601 1342 quis
613 1289 697 1328 asseret
714 1286 791 1329 omnia
805 1286 889 1329 iudicia
899 1286 979 1342 opina-

133 1363 191 1412 tiva,
203 1378 250 1406 non
260 1364 335 1406 solum
347 1365 377 1407 ad
388 1378 457 1407 usum
468 1365 530 1408 vitae
541 1364 686 1421 pertinentia,
698 1365 737 1408 sed
749 1365 819 1408 etiarn
831 1365 860 1407 ad
871 1364 979 1416 scientias

133 1456 210 1485 rerum
224 1447 246 1486 et
260 1456 357 1493 morum,
373 1443 402 1485 ad
416 1442 608 1500 metaphysicam,
622 1443 652 1485 ad
665 1443 803 1499 religionem
816 1456 912 1486 causam
924 1457 980 1485 suae

132 1521 312 1576 specificationis
331 1521 355 1563 in
374 1519 452 1579 aliqua
470 1521 580 1564 sensitiva
598 1521 747 1577 dispositione
766 1521 871 1565 habere?

163 1600 194 1642 at
207 1603 289 1642 contra
300 1600 416 1656 geminam
428 1603 532 1644 nostram
545 1599 693 1642 assertionem
705 1600 747 1642 rite
759 1598 902 1642 intellectam
914 1613 979 1656 prae-

133 1677 210 1721 dictae
220 1677 369 1721 difficultates
379 1692 426 1720 non
436 1678 523 1721 valent.
534 1678 611 1723 Paiaao
622 1678 689 1728 enim,
701 1679 763 1734 quod
774 1678 804 1720 ad
814 1678 979 1721 certitudinem

133 1756 162 1799 de
183 1756 251 1798 iactis
271 1756 459 1813 contingentibus
480 1756 604 1812 aliquando
624 1756 756 1799 habendam
776 1756 882 1812 pertinet,
904 1756 979 1800 nulla-

133 1839 202 1877 tenus
218 1839 315 1891 negatur
331 1849 382 1878 earn
398 1849 464 1891 posse
480 1835 560 1877 haberi
577 1849 581 1878 :
603 1836 642 1877 sed
655 1829 755 1891 ¹negatur
770 1848 821 1877 eam
838 1834 867 1877 ab
885 1834 978 1877 homine

133 1927 212 1970 perse
227 1913 306 1958 haberi
320 1927 381 1956 mere
395 1913 582 1956 intellectualiter
598 1927 602 1956 :
618 1913 716 1956 habetur
730 1913 798 1963 enirn,
813 1914 853 1955 sed
868 1913 980 1955 adiuncta

134 1991 258 2035 intuitione
277 1991 400 2035 sensibilil.
421 1992 527 2043 Samiario,
547 1992 575 2035 de
594 1991 723 2048 cognitione
741 2005 818 2035 rerum
837 1991 979 2034 immateria-

160 2144 175 2165 1.
190 2135 330 2172 Anrsrormns
344 2134 409 2167 Ellam
422 2134 546 2173 Nicomacho.
557 2135 589 2172 VI,
603 2144 618 2166 c.
633 2143 648 2174 3.
665 2143 709 2174 1139
723 2135 740 2171 b,
755 2144 775 2165 21
788 2144 791 2166 ε
804 2130 827 2166 τὰ
840 2130 859 2166 δὲ
872 2130 981 2176 ἐνδεχόμενα

134 2186 200 2229 ἄλλως,
223 2187 279 2223 ὅταν
299 2187 342 2230 ἔξω
362 2190 404 2223 τοῦ
424 2188 526 2233 θεωρεῖν
549 2187 649 2233 γένηται
665 2186 746 2222 λανθάνει
770 2186 785 2221 εἰ
799 2186 847 2222 ’ἐστιν
866 2185 927 2232 ἣμὴ
953 2190 982 2230 (In

135 2246 170 2277 hoc
192 2247 233 2278 loco
252 2247 335 2289 explicat
357 2247 482 2289 Philosophus
502 2247 600 2278 discrimen
620 2246 669 2278 inter
693 2246 799 2288 opinionem
824 2247 843 2276 et
868 2244 981 2286 scientiam).

135 2301 190 2344 Quod
210 2303 236 2333 sic
257 2302 335 2345 exponit
349 2302 366 2335 S.
380 2302 479 2335 Thomas:
500 2315 506 2332 r
518 2302 632 2334 Huiusmodi
650 2304 713 2334 autern
726 2302 827 2339 certitudo„
839 2302 889 2343 quod
910 2301 981 2333 scilicet

135 2367 173 2389 non
186 2358 245 2400 possit
259 2358 313 2390 aliter
325 2368 344 2389 se
360 2359 435 2397 habere,
459 2369 497 2390 non
519 2360 582 2401 potest
603 2358 668 2390 haberi
684 2358 733 2389 circa
751 2357 879 2400 contingentia
895 2357 949 2389 aliter
962 2366 982 2388 se

135 2414 210 2446 habere.
229 2414 282 2446 Tunc
300 2414 350 2446 enirn
369 2415 430 2446 solum
445 2415 508 2457 potest
524 2414 546 2446 de
564 2414 589 2446 eis
602 2414 694 2445 certitudo
713 2413 782 2450 haberi¹
797 2423 839 2445 curn
855 2413 926 2445 cadunt
947 2412 982 2444 sub
1013 2422 1014 2425 ¹

135 2478 196 2502 sensu.
214 2470 250 2502 Sed
263 2470 339 2512 quando
354 2470 403 2502 fiunt
423 2472 478 2502 extra
499 2469 594 2513 speculari¹
608 2470 628 2501 id
649 2471 677 2500 est
690 2470 765 2511 quando
779 2469 866 2501 desinunt
879 2468 939 2501 videri
952 2468 983 2500 vel

135 2525 205 2563 sentiri,
219 2528 264 2558 tunc
278 2527 325 2558 latet
339 2528 404 2558 utrum
417 2527 455 2558 sint
473 2527 503 2558 vel
515 2536 553 2558 nou
571 2526 613 2558 sint.
634 2525 686 2557 Sicut
705 2526 759 2567 patet
778 2526 826 2557 circa
843 2525 878 2556 hoc
891 2525 942 2567 quod
954 2525 983 2556 est

136 2581 231 2614 Socratem
239 2582 308 2615 sedere.
319 2594 325 2612 ν
335 2582 409 2624 (Comae.
418 2582 483 2620 Etuta,
492 2582 523 2615 lib.
532 2582 564 2619 VI,
573 2582 615 2614 lect.
624 2591 640 2622 3,
648 2580 716 2619 Vrv‘ss
724 2583 738 2613 t.
747 2581 808 2619 XXV,
816 2591 834 2623 p.
844 2581 892 2622 490).
902 2581 983 2612 Factum

135 2647 178 2679 ergo
191 2638 301 2680 contingens
315 2641 391 2681 propter
404 2638 522 2671 debilitatem
534 2638 607 2670 essendi
619 2647 657 2669 non
669 2637 816 2680 apprehenditur
828 2638 879 2669 certo
891 2637 916 2669 ab
928 2635 983 2668 intel-

135 2694 185 2725 lectu
195 2704 198 2726 ι
208 2694 240 2725 sed
249 2695 306 2726 debet
315 2694 438 2737 apprehensio
447 2694 552 2727 sensatione
561 2693 655 2737 conpleri.
665 2694 690 2725 Et
699 2694 740 2725 ideo
749 2694 783 2731 est,
793 2693 909 2734 quodetiam
918 2691 951 2724 ubi
959 2692 982 2724 de

136 2750 251 2792 proprietate
257 2750 321 2792 aliqua
327 2750 376 2782 entis
383 2751 466 2792 corporei
473 2752 523 2782 certa
530 2750 611 2792 cognitio
618 2749 727 2781 universalis
734 2748 814 2780 liabetur
822 2748 835 2790 (r
843 2749 874 2780 lex
880 2750 960 2780 naturae
969 2759 981 2786 ν,

136 2814 184 2848 quae
193 2806 287 2838 abstrahit
296 2807 320 2838 ab
329 2806 431 2838 individuis
441 2805 581 2847 accidentibus),
592 2807 612 2837 at
621 2804 721 2848 applicatio
730 2804 769 2836 eius
778 2804 835 2836 hicet
844 2813 893 2836 nunc
904 2803 983 2846 (factum

136 2861 252 2903 contingens)
264 2872 301 2894 non
311 2864 374 2905 potest
384 2871 407 2895 ex
416 2862 455 2894 sola
464 2862 537 2894 ratione
546 2871 579 2905 per
588 2871 606 2893 se
615 2870 659 2893 cum
668 2860 750 2904 perlecta
760 2860 870 2892 certitudine
879 2859 927 2897 sciri,
937 2860 982 2901 quia

136 2917 199 2960 potuit
213 2927 236 2949 ex
249 2918 324 2950 deiectu
338 2918 415 2950 alicuius
429 2918 547 2956 condicionis,
562 2918 591 2949 vel
604 2917 670 2950 addito
683 2916 745 2959 aliquo
758 2916 874 2959 prohibente,
888 2915 980 2958 impediri.

137 2974 173 3006 Sed
184 2973 243 3005 scitur
253 2974 272 3005 id
283 2974 311 3005 ita
323 2974 362 3005 fieri
374 2986 381 3004 r
390 2976 411 3006 ut
422 2974 442 3006 in
452 2974 553 3017 pluribus»
568 2973 601 3016 (cfr
613 2973 665 3016 1²p„
679 2980 698 3014 q.
712 2981 750 3012 115,
763 2982 779 3004 a.
791 2972 808 3013 ὁ)
818 2982 822 3011 ;
834 2972 906 3004 lactum
917 2973 982 3003 autem

137 3029 247 3071 contingens
264 3031 309 3062 tunc
326 3039 364 3062 esse
381 3039 424 3062 cum
440 3031 495 3073 plena
511 3029 624 3062 certitudine
640 3029 762 3071 cognoscitur,
780 3029 855 3071 quando
871 3027 982 3060 sensibiliter
