2068 3413
175 172 205 214 32
402 168 573 212 QUAESTIONES
589 171 621 202 DE
638 159 802 204 CONSCIENTIA

173 326 235 369 qnae
247 326 289 369 pro
302 326 344 355 sua
356 311 454 369 quisque
466 312 573 358 doctrina
584 313 613 355 de
625 312 832 369 probabilitatibus
844 316 941 358 conatur
952 313 1022 359 inter-

173 390 268 448 pretari,
283 394 344 434 recte
358 393 438 433 tamen
452 389 546 433 initium
561 391 588 434 fit
602 390 711 434 historiae
724 390 885 448 probabilismi
898 406 912 434 a
924 391 1022 437 Bartho-

173 470 264 513 lomaeo
278 469 307 512 de
321 468 419 520 Medina,
436 469 462 513 Ο.
479 470 503 513 Ρ.
521 468 541 526 (t
558 469 630 526 1581).
646 470 668 513 Is
681 469 769 521 scribit,
785 483 846 512 anno
861 479 924 526 1577,
938 470 962 513 in
977 477 1022 514 Iam

174 556 218 600 2³0,
234 561 256 603 q.
273 561 307 605 19,
323 562 343 591 a.
358 547 378 599 6,
393 546 465 592 concl.
480 560 494 602 3
511 561 515 591 :
532 564 541 588 1
555 547 578 592 Si
592 551 626 591 est
641 547 718 604 opinio
733 538 867 606 probabilis,
883 548 972 591 licitum
986 552 1021 591 est

172 641 226 670 eam
237 626 310 683 sequi,
322 625 375 669 licet
387 625 497 683 opposita
508 625 650 683 probabilior
661 626 690 669 sit
702 644 717 678 1,
730 627 876 684 probabilem
887 626 1021 683 intellegens

173 721 184 745 1
194 719 266 762 quam
277 708 381 750 asserunt
391 704 435 747 viri
444 704 562 761 sapientes
573 708 596 748 et
606 705 746 750 confirmant
757 705 848 762 optima
858 708 993 762 argumenta
1004 722 1020 749 11.

174 783 248 828 Addit
265 783 343 834 etiam,
361 783 422 840 quod
438 796 500 826 nunc
516 783 590 829 teneri
605 783 685 840 nequit
704 798 708 828 :
727 786 775 828 «In
790 784 897 827 omnibus
914 783 1019 841 negotiis,

166 862 245 905 'etiam
262 861 341 918 magni
358 861 471 905 momenti
488 865 511 905 et
529 862 554 904 in
571 862 697 905 maximam
715 862 824 906 iniuriam
841 862 911 913 tertii,
929 862 1020 905 licitum

173 944 208 984 est
220 941 286 997 sequi
297 940 415 997 opiniones
427 940 569 997 probabiles.
582 942 642 997 Ergo
653 940 724 983 etiam
736 941 761 983 in
772 941 874 984 materiis
886 954 1015 986 sacramen-

173 1022 282 1064 torum.»
324 1050 325 1054 ,
351 1045 352 1048 =

203 1111 259 1153 Post
272 1108 388 1152 Medinam
400 1107 470 1152 multi
482 1107 632 1167 inveniuntur
644 1108 684 1164 qui
695 1108 888 1165 probabilitatem
901 1112 1018 1160 tueantur.

170 1188 314 1233 coarctando
331 1189 410 1230 tamen
426 1186 465 1230 uel
482 1177 654 1243 probabilitatis
667 1187 794 1238 notionem,
806 1188 844 1230 vel
857 1181 978 1230 materiam
995 1186 1019 1230 in

170 1280 219 1322 qua
232 1254 333 1322 legitime
346 1264 485 1322 principium
500 1264 636 1322 applicetur.
652 1266 702 1309 Hoc
715 1280 751 1310 ex.
766 1279 799 1322 gr.
813 1264 941 1309 Bannezius
954 1264 1018 1316 lacit,

170 1344 274 1389 scribens
292 1358 296 1388 :
313 1360 322 1384 1
331 1346 365 1388 1)0
379 1343 527 1401 opinionibus
541 1335 622 1401 prioris
637 1344 723 1401 generis
739 1344 763 1401 [i.
779 1357 798 1387 e.
808 1343 832 1404 si
846 1344 874 1387 de
888 1342 967 1387 illicito
981 1344 1019 1388 vel

171 1422 236 1465 licito
250 1422 333 1480 agitur]
351 1436 431 1465 verum
443 1425 479 1464 est
491 1435 559 1478 posse
571 1422 687 1466 hominem
699 1421 765 1478 sequi
776 1421 920 1479 probabilem
932 1421 1019 1479 opinio-

171 1509 234 1564 nem.
244 1500 325 1546 relicta
333 1499 503 1558 probabiliori.»
514 1499 551 1557 (111
560 1507 604 1544 Zam
613 1508 655 1553 2²²0,
666 1513 687 1555 q.
699 1513 733 1552 10,
744 1515 764 1544 a.
776 1513 795 1552 1,
805 1501 860 1544 dub.
870 1513 891 1554 3,
906 1499 1017 1556 0011014).

145 1562 146 1568 ¹
166 1579 235 1624 'Illud
251 1579 299 1636 agit
314 1593 350 1643 ex.
367 1593 398 1635 gr.
416 1578 545 1631 Suarczius,
562 1582 666 1622 statuens
684 1592 688 1622 :
706 1578 799 1624 «Maior
814 1578 966 1635 probabilitas
982 1581 1017 1621 est

171 1658 289 1716 quaedam
300 1657 392 1702 moralis
404 1659 451 1703 cert
442 1656 527 1708 t,itud0
540 1656 559 1700 si
571 1671 675 1700 excessus
687 1647 861 1713 probabilitatis
873 1660 948 1699 certus
960 1656 1018 1699 sit.)

175 1737 220 1793 (De
230 1736 305 1793 Legio
305 1750 331 1787 11
342 1735 381 1780 lib
392 1736 413 1787 8,
425 1750 444 1778 c.
456 1748 477 1789 3
489 1749 511 1779 n
525 1734 568 1792 19).
580 1736 729 1781 -liNonnul
740 1739 821 1778 tamen
830 1735 894 1777 theo
895 1748 932 1791 ogr
926 1733 1018 1791 dupl

169 1815 229 1860 citer
241 1828 282 1871 per
296 1828 414 1857 excessum
426 1816 589 1870 peccaverunt
603 1813 651 1857 sive
663 1813 838 1870 probabilitatis
850 1813 935 1858 limites
948 1812 1016 1856 nimis

172 1893 326 1944 extendendo,
342 1892 389 1935 sive
404 1892 448 1935 sub
462 1892 539 1948 specie
554 1892 724 1948 probabilitatis
739 1891 859 1949 opiniones
874 1890 1017 1948 simplicitati

167 1971 312 2020 christianae
330 1970 436 2026 sanisque
454 1969 558 2016 moribus
576 1984 668 2027 prorsus
686 1970 844 2014 intolerandas
863 1969 991 2013 inducendo
1012 1983 1016 2013 :

172 2049 198 2092 hi
213 2053 268 2092 sunt
285 2048 412 2093 «Laxistae
423 2066 438 2100 1),
455 2047 516 2094 inter
532 2062 589 2105 quos
605 2049 705 2091 eminent
722 2049 844 2094 Caramuel
858 2047 1015 2098 cisterciencis,

170 2128 249 2172 Diana
266 2127 392 2178 theatinus,
411 2127 515 2172 Escobar
532 2127 622 2170 iesuita.
642 2127 782 2172 Iesuitarum
799 2125 892 2183 plurimi
909 2125 1017 2183 probabi-

169 2206 266 2249 lismum
273 2207 406 2257 tuebantur,
415 2205 459 2249 etsi
467 2205 506 2250 alii
513 2205 673 2262 repugnabant
684 2204 726 2261 (ex.
736 2219 768 2262 gr.
778 2199 911 2256 Comitolus,
921 2206 932 2260 's
942 2203 1015 2261 1626),

172 2354 394 2361 ——-—-

169 2449 235 2491 aliqua
248 2448 373 2481 dubitatione.
387 2460 393 2478 1
416 2459 433 2490 4,
446 2448 464 2480 d.
478 2457 506 2486 21,
520 2457 540 2489 q.
553 2457 570 2486 2,
582 2458 599 2480 a.
612 2457 629 2489 3,
641 2448 665 2480 ad
678 2457 705 2488 3:
727 2460 734 2478 1
747 2448 827 2491 Quando
848 2447 916 2489 aliquis
937 2446 1015 2479 dubitat

169 2505 194 2536 de
206 2504 270 2546 aliquo
282 2505 360 2547 peccato
371 2515 396 2536 an
408 2505 433 2536 sit
445 2504 531 2542 mortale,
546 2505 622 2536 tenetur
630 2503 675 2536 illud
688 2503 774 2536 confiteri
786 2502 904 2535 dubitatione
913 2503 1014 2541 manente;

170 2560 215 2602 quia
225 2560 258 2602 qui
267 2560 338 2603 aliquid
351 2559 454 2592 committit
465 2560 494 2592 vel
507 2559 586 2598 omittit,
600 2560 619 2592 in
632 2569 668 2603 quo
681 2560 758 2592 dubitat
770 2568 809 2591 esse
820 2559 897 2591 mortale
910 2559 1013 2601 peccatum,

169 2617 237 2659 peccat
250 2617 362 2654 mortaliter,
373 2615 476 2648 discrimini
487 2625 506 2648 se
517 2616 642 2649 committens.
654 2616 679 2647 Et
690 2615 777 2647 similiter
791 2615 873 2658 periculo
883 2624 902 2646 se
912 2613 1014 2646 committit

169 2672 203 2714 qui
214 2672 283 2705 dehoc
295 2672 344 2715 quod
355 2672 431 2704 dubitat
442 2681 481 2704 esse
492 2672 571 2704 mortale
581 2672 658 2714 negligit
669 2671 760 2704 confiteri.
772 2671 816 2703 Non
826 2673 891 2703 tamen
901 2670 956 2703 debet
966 2679 1014 2702 asse-

170 2737 210 2759 rere
221 2728 267 2760 illud
278 2737 317 2760 esse
328 2728 359 2760 sed
370 2737 413 2760 cum
423 2728 543 2761 dubitatione
560 2727 616 2770 loqui.
627 2739 634 2758 1
649 2728 675 2761 De
690 2727 772 2765 1111111111,
784 2734 803 2769 q.
817 2737 843 2769 17,
856 2737 872 2759 a.
884 2735 911 2767 3:
933 2738 940 2756 1
948 2725 1014 2759 Nullus

170 2783 240 2826 ligatur
251 2793 285 2826 per
295 2785 415 2826 praeceptum
426 2782 502 2826 aliquod
518 2783 554 2815 nisi
565 2783 658 2816 mediante
669 2783 747 2815 scientia
757 2782 807 2815 illius
818 2782 918 2825 praecepti.
928 2794 934 2812 1
944 2781 1014 2814 Multas

170 2839 295 2872 auctoritates
306 2842 425 2881 congregatas
436 2840 509 2872 habent
522 2840 630 2877 Birrunnr,>
640 2839 698 2872 Tract.
709 2840 729 2872 da
743 2839 813 2872 actibus
824 2838 914 2876 1111111111,
925 2838 968 2871 diss.
979 2838 1012 2875 VI,

169 2897 206 2928 art.
217 2905 225 2928 1
236 2905 240 2934 ;
253 2894 322 2934 Fnrns,
340 2899 369 2938 op.
381 2896 418 2934 111,
434 2906 465 2939 pp.
475 2896 560 2937 253-276.
574 2895 620 2927 Cum
631 2888 694 2927 autem
705 2897 778 2927 certum
788 2895 819 2933 sit,
830 2894 957 2937 quaestionem
970 2894 1014 2925 ante

169 2961 218 2984 saec.
231 2951 344 2984 XVI-XVII
353 2961 438 2994 expresse
448 2953 521 2983 motam
530 2961 568 2984 non
577 2961 621 2990 esse,
631 2939 746 2983 haecomnia
757 2960 825 2993 parum
835 2950 907 2988 iuvant,
920 2949 954 2982 nisi
965 2949 1013 2982 forte

170 3017 203 3050 per
224 2997 310 3039 accidens
322 3011 354 3039 'ac
372 3017 405 3050 per
424 3007 502 3039 modum
521 3007 606 3050 exempli,
619 3008 655 3040 hoc
667 3007 697 3039 vel
710 3007 757 3040 illud
772 3006 908 3038 controversiae
922 3006 1014 3050 punctum

169 3063 288 3096 illustrando.
