1948 3333
284 103 316 134 oe
333 101 476 133 Aprarrrrvo
493 101 519 132 ru
536 101 656 133 oemroue
865 89 893 145 67

77 260 131 305 Dixi
150 260 288 319 implicitum.
310 263 384 327 Patet,
404 260 428 303 in
447 260 581 317 opinatione
601 273 661 316 quae
682 262 717 303 est
737 258 785 302 sine
805 258 889 302 iudicio

47 339 133 382 actuali
150 340 178 383 de
195 339 365 397 probabilitate,
386 342 532 382 momentum
550 337 708 396 appetitivum
725 338 800 381 multo
817 337 890 395 magis

46 418 117 461 latere
129 418 274 475 implicitum,
289 432 358 476 quam
371 419 395 461 in
408 417 541 476 opinatione
555 432 614 474 quae
627 421 662 461 est
676 431 729 460 cum
742 416 785 461 tali
797 415 889 477 iudicio.

48 497 75 540 Id
88 500 154 554 patet
167 497 241 554 primo
255 498 278 541 in
291 497 463 555 opinationibus
477 496 557 540 multis
572 497 602 540 ad
616 510 685 540 usum
698 496 761 539 vitae
775 494 890 552 pertinen-

46 575 116 627 tibus,
126 575 150 619 in
159 576 242 633 quibus
251 576 320 619 homo
330 591 353 619 se
362 575 415 619 duci
424 575 478 619 sinit
489 574 630 633 apparentiis
640 575 790 625 obiectorum,
802 574 890 618 bonum

47 653 150 697 iudicans
164 654 196 698 sic
211 648 282 712 agere,
298 655 464 711 indignumque
478 657 589 711 reputans
604 654 633 697 de
647 653 742 710 singulis
757 653 890 710 contingen-

46 732 108 776 tibus
123 736 255 777 accuratam
269 733 441 790 inquisitionem
455 732 576 777 instituere
592 746 597 776 :
611 732 732 775 nonenim
746 731 889 789 expliciteid

46 811 180 868 cogitamus,
194 812 233 855 sed
247 811 396 856 habitualiter
407 812 492 855 scimus
505 812 537 854 sic
549 811 573 854 in
586 811 637 855 vita
649 811 764 868 expedire.
779 810 806 854 Id
819 810 890 854 etiam

46 892 111 947 patet
125 890 148 933 in
161 890 239 934 multis
253 890 398 947 opinionibus
411 890 560 948 speculativis
576 904 580 934 :
594 904 648 933 curn
661 889 723 933 enirn
737 889 787 945 quis
801 888 890 945 praeiu-

46 968 110 1011 diciis
123 969 237 1013 sensitivis
250 972 433 1026 praeoccupatus
446 968 464 1026 (u
473 969 536 1013 idola
548 983 630 1025 specus
642 986 657 1019 l),
673 968 753 1013 «idola
765 967 852 1011 theatri
863 967 888 1024 u),

46 1046 114 1090 alicui
126 1047 228 1104 opinioni
241 1047 357 1099 adhaeret,
371 1062 440 1105 saepe
452 1047 487 1091 ita
498 1047 523 1090 in
535 1061 587 1091 eam
600 1047 731 1098 inclinatur,
745 1050 771 1089 ut
785 1060 813 1089 ne
824 1050 888 1091 curet

46 1124 139 1182 quidem
159 1141 210 1170 eam
231 1127 260 1170 ad
279 1140 411 1171 mensuram
431 1126 537 1170 veritatis
557 1126 715 1184 comprobare.
738 1127 820 1177 lmm0,
842 1139 888 1184 quo

45 1203 204 1248 vehementius
215 1204 359 1262 praeiudiciis
371 1208 470 1255 tenetur,
484 1218 510 1248 eo
521 1205 595 1262 magis
607 1205 754 1255 obcaecatur,
771 1218 800 1247 ne
815 1203 887 1261 perci-

45 1282 94 1340 piat
105 1283 204 1327 rationes
215 1283 239 1326 in
249 1283 396 1326 contrarium.
409 1284 436 1326 In
447 1296 473 1326 eo
483 1283 563 1339 itaque
573 1297 632 1340 opus
642 1296 690 1326 non
700 1286 735 1326 est
746 1285 800 1325 actu
811 1281 888 1340 aliquo

45 1361 161 1404 electionis
172 1376 217 1420 quo
226 1361 371 1419 dispositioni
380 1376 435 1405 suae
444 1361 568 1405 sensitivae
577 1361 715 1412 consentiat,
726 1363 752 1404 ut
761 1360 889 1404 secundum

45 1423 96 1483 eam
110 1440 194 1483 iudicet
211 1454 215 1484 ;
229 1441 249 1484 ei
262 1440 323 1483 enirn
336 1443 400 1483 totus
415 1440 481 1496 quasi
494 1440 645 1497 immergitur,
660 1440 709 1483 eius
722 1438 889 1483 relativitatem

45 1532 91 1561 non
108 1533 238 1575 agnoscens.
255 1545 284 1551 -
300 1519 344 1562 Sed
360 1518 431 1561 etiam
447 1532 501 1561 cum
518 1518 568 1575 quis
585 1518 683 1575 opinans
699 1517 786 1561 iudicat
803 1531 889 1561 senon

45 1597 88 1639 nisi
105 1597 255 1654 probabiliter
270 1596 376 1648 iudicare,
394 1610 486 1640 necesse
503 1610 549 1640 non
566 1600 608 1648 est,
626 1600 653 1640 ut
670 1595 779 1653 explicite
795 1595 887 1653 cogitet,

45 1690 69 1718 se
83 1675 228 1732 dispositioni
241 1675 364 1719 sensitivae
378 1675 514 1726 consentire,
530 1678 552 1719 et
567 1675 599 1718 sic
613 1676 702 1719 bonurn
717 1675 836 1732 quoddam
850 1674 889 1717 eli-

45 1768 103 1811 gere.
119 1754 146 1797 ld
159 1757 239 1797 tamen
252 1768 341 1811 semper
354 1754 378 1796 in
391 1754 498 1812 opinione
512 1757 538 1797 ut
552 1754 595 1797 tali
608 1754 702 1811 cognita
715 1753 889 1810 aequivalenter

45 1831 167 1884 invenitur,
180 1836 206 1876 ut
217 1835 282 1889 patet
294 1833 432 1890 ponderanti
443 1832 520 1876 varias
531 1833 658 1875 sententias
670 1831 755 1889 quibus
766 1831 888 1889 opinantes

46 1911 115 1954 finem
123 1911 246 1968 imponunt
255 1910 469 1967 disceptationibus,
479 1911 536 1954 dum
545 1910 625 1954 dicunt
635 1925 670 1955 ex.
681 1925 713 1968 gr.
725 1925 729 1955 :
741 1927 749 1951 u
760 1910 796 1955 Sic
804 1911 888 1954 saltem

45 1989 102 2033 milri
114 1990 232 2041 videtur»,
247 1990 283 2033 vel
299 2004 303 2033 ς
318 2006 327 2030 «
337 1991 385 2046 Ego
398 1989 430 2032 sic
443 1989 585 2033 constitutus
598 2004 651 2033 sum
667 2004 671 2034 :
685 1989 742 2032 mihi
755 1989 888 2047 praeplacet

45 2068 100 2111 haec
113 2067 196 2125 opinio,
210 2068 249 2111 illa
261 2068 393 2125 displicet»,
407 2068 444 2111 vel
459 2081 462 2111 :
478 2085 486 2108 u
495 2071 530 2112 De
543 2068 649 2125 gustibus
661 2082 708 2111 non
721 2071 755 2111 est
768 2056 889 2125 disputan-

45 2147 101 2189 dum
112 2163 127 2197 v,
143 2150 166 2190 et
180 2146 270 2190 similia.
285 2147 379 2190 Talibus
394 2146 455 2189 enim
469 2146 546 2190 verbis
562 2150 585 2190 et
599 2146 760 2190 subiectivitas
775 2145 888 2203 opinionis

46 2226 176 2282 agnoscitur
188 2225 258 2282 (quod
267 2225 328 2272 idem
338 2228 380 2277 est,
391 2228 417 2268 ut
428 2225 536 2276 diximus,
547 2239 601 2268 cum
611 2225 659 2269 eius
670 2225 700 2268 ad
710 2214 889 2268 sensitivitatem

44 2303 162 2360 relatione)
182 2307 205 2347 et
222 2306 302 2347 tamen
320 2304 400 2348 eadem
418 2303 503 2361 opinio,
522 2307 549 2347 ut
567 2303 604 2347 cui
623 2303 770 2356 assentiatur,
789 2303 888 2361 eligitur,

45 2509 110 2555 Melius
121 2509 170 2541 enim
181 2509 296 2553 perspicitur,
308 2509 327 2542 in
337 2509 387 2542 omni
398 2509 509 2552 cognitione,
522 2520 560 2542 non
570 2510 647 2542 tantum
657 2509 677 2542 in
687 2509 796 2552 opinatione
806 2510 836 2542 vel
848 2509 890 2547 fide,

46 2565 181 2608 appetitionem
190 2565 272 2607 aliquam
281 2575 319 2597 esse
327 2565 439 2608 implicitam
447 2575 451 2603 ;
461 2565 496 2597 etsi
504 2565 600 2598 interdurn
609 2566 675 2598 dicunt
684 2575 726 2598 earn
734 2575 773 2597 esse
783 2578 789 2596 u
798 2565 876 2598 liberam
885 2577 892 2594 v

47 2621 104 2653 etiam
112 2621 132 2653 in
141 2630 216 2653 assensu
226 2622 316 2664 praestito
325 2621 445 2653 exsistentiae
455 2621 520 2654 mundi
530 2622 619 2665 corporei,
630 2622 694 2665 primis
704 2621 805 2665 principiis,
816 2622 892 2654 demon-

46 2676 168 2710 strationibus
177 2677 270 2715 scientiae,
281 2678 331 2720 quod
341 2677 409 2709 falsum
419 2679 452 2709 est.
463 2677 529 2709 Melius
539 2677 597 2710 etiam
606 2678 686 2721 perspici
696 2679 764 2721 potest,
775 2678 827 2710 illam
836 2670 901 2720 appe?

46 2725 133 2766 titionem
142 2743 180 2765 non
190 2733 259 2765 directe
268 2732 288 2771 in
298 2733 392 2765 obiectum
402 2743 440 2775 qua
449 2734 487 2765 tale
498 2742 529 2765 seu
540 2733 559 2765 in
569 2734 685 2767 enuntiabile
695 2735 777 2773 tendere,
789 2734 821 2767 sed
831 2733 851 2765 in
860 2732 892 2765 ali-

46 2800 104 2832 quam
117 2789 195 2822 subiecti
210 2789 355 2832 dispositionem,
370 2799 440 2832 quase
455 2789 566 2832 cointelligit
580 2791 599 2822 et
614 2790 664 2834 (curn
678 2790 771 2833 appetitio
784 2789 842 2822 libera
856 2789 890 2831 est]

47 2846 186 2888 quodammodo
197 2836 274 2889 coaptat
286 2845 358 2878 obiecto
372 2846 385 2889 (u
394 2846 515 2888 aperception
526 2845 588 2879 active
600 2846 623 2878 de
635 2846 662 2879 soi
671 2858 683 2885 v,
697 2858 704 2876 u
713 2847 797 2879 moment
809 2847 832 2879 de
843 2855 892 2887 sym-

47 2902 111 2945 pathie
123 2902 169 2934 dans
180 2902 198 2933 la
210 2901 341 2934 connaissance
350 2901 416 2943 neto).
425 2901 454 2934 Sic
462 2910 490 2934 ex.
498 2911 523 2944 gr,
534 2901 553 2934 in
562 2903 671 2945 quaestione
683 2903 705 2935 de
714 2903 758 2935 actu
771 2902 814 2935 fidei
822 2902 893 2934 intelle-

47 2958 102 3001 gitur,
117 2958 212 2999 quomodo
226 2970 233 2988 r
242 2958 273 3001 pia
287 2957 374 2990 voluntas
389 2957 476 2990 credendi
485 2969 497 2996 u,
514 2967 562 3001 quae
576 2960 605 2990 est
619 2959 714 3001 quaedam
727 2958 807 2991 subiecti
821 2957 892 2995 volitio,

47 3014 113 3057 suique
123 3013 143 3046 in
154 3014 215 3046 Deum
226 3014 326 3052 conversio,
338 3013 398 3057 possit
408 3023 447 3046 esse
458 3014 574 3058 perceptioni
585 3014 671 3048 veritatis
682 3014 775 3058 religionis
784 3013 892 3047 necessaria.
