2068 3413
58 156 59 159 ,
115 119 143 162 62
341 130 511 171 ouarsrrouas
528 132 561 162 nr
577 129 740 163 consciarum

114 272 262 329 cointellegat
277 286 281 315 :
294 286 347 315 cum
360 272 421 315 enirn
437 287 477 316 eae
492 272 523 316 sic
536 272 605 316 simul
621 273 693 316 menti
706 272 755 315 eius
767 272 855 323 insunt,
868 286 915 315 non
930 271 964 316 ibi

114 355 169 393 sunt
191 351 221 394 ad
241 352 337 394 modurn
358 351 485 402 formarum
506 351 655 403 naturalium,
678 365 776 407 quarum
797 365 844 393 una
865 350 964 394 alteram

115 429 218 485 expellit,
230 429 270 473 sed
281 433 307 472 ut
319 430 431 487 cognitae,
443 433 469 473 ut
480 430 611 474 intellectae
623 444 627 483 ;
638 430 672 473 ita
682 434 708 473 ut
719 429 771 487 ipsa
781 443 861 473 earum
872 433 965 474 contra-

115 507 185 552 rietas
197 508 311 551 rationem
323 512 425 566 praestet
438 522 478 551 cur
490 508 580 566 possint
592 508 660 552 simul
675 508 792 565 intellegil
817 507 883 565 (Vide
895 500 921 551 rt
931 523 964 565 p,

116 601 138 642 <r
154 587 189 640 85,
206 601 226 629 a
242 586 271 643 o-
597 586 599 589 ’

146 666 182 709 Sic
197 665 267 722 igitur
281 666 405 710 dicendum
420 669 462 717 est,
478 666 654 722 probabilitates
669 666 790 724 oppositas
805 665 865 710 inter
878 679 902 708 se
917 679 964 708 non

115 743 176 794 elidi,
191 745 382 803 quotiescumque
393 745 477 788 saltem
489 743 652 802 intellegantur
664 759 712 788 esse
725 745 784 788 tales
796 746 903 802 respectu
916 744 966 787 ani-

116 823 184 864 malis
197 822 316 866 rationalis
330 822 396 866 aliter
409 827 431 867 et
445 822 511 866 aliter
523 824 636 880 dispositi.
651 825 705 880 Ipsa
718 823 779 866 enim
791 822 965 880 probabilitatis

117 901 147 944 ad
161 899 233 944 talem
247 901 422 958 dispositionem
435 900 571 953 relativitas,
587 916 645 960 quae
659 916 710 945 eam
724 902 748 944 in
761 915 803 944 suo
817 915 866 945 esse
879 892 966 957 probass

116 977 215 1022 bilitatis
229 980 358 1031 constituitr
372 980 470 1039 impedit
484 994 512 1022 ne
525 980 622 1038 tollatur
636 981 664 1023 ab
678 980 787 1037 opposita
800 980 823 1022 in
837 983 964 1036 conspectu

117 1057 165 1101 eius
175 1059 221 1114 qui
230 1058 341 1102 sensitiva
348 1059 426 1101 omnia
433 1058 580 1115 praeiudicia,
591 1059 652 1117 quod
661 1059 691 1102 ad
699 1073 722 1101 se
730 1058 838 1115 pertinety
848 1062 963 1115 quantum

116 1140 203 1193 potest,
218 1137 398 1194 supergrediens,
413 1136 602 1194 dispositionibus
616 1137 730 1181 sensitivis
744 1151 824 1180 omnes
838 1136 964 1194 probabili-

117 1218 179 1258 tates
196 1215 345 1272 cointellegit.

148 1293 257 1346 Advorte,
272 1308 311 1337 eos
326 1294 365 1351 qui
380 1294 520 1339 arbitrentur
534 1294 710 1351 probabilitates
724 1294 784 1339 inter
797 1308 821 1337 se
835 1293 963 1338 necessario

118 1371 179 1422 elidi,
193 1372 237 1414 hoc
249 1375 355 1417 nostrum
367 1372 489 1416 discrimen
501 1373 560 1417 inter
572 1373 701 1416 subiectum
713 1372 827 1429 opinionis
840 1376 863 1415 et
875 1369 966 1415 subiecss

117 1454 170 1492 tum
183 1450 263 1494 iudicii
275 1451 356 1494 reflexi
367 1451 461 1494 minime
475 1451 600 1502 attendere,
617 1451 714 1508 ideoque
728 1465 818 1507 semper
834 1464 964 1507 supponere

117 1528 180 1571 idem
194 1543 242 1572 esse
256 1530 411 1586 praesentiam
425 1529 588 1573 simultaneam
602 1529 802 1586 probabilitatum‚
817 1529 963 1586 cognitarum

117 1610 144 1650 ut
155 1611 209 1650 sunt
220 1609 286 1659 tales,
297 1608 321 1650 in
332 1606 408 1664 aliquo
419 1607 545 1659 intellectu,
556 1621 608 1650 cum
620 1622 714 1651 assensu
724 1607 844 1665 opinativo
855 1607 963 1650 omnibus

116 1685 162 1728 illis
174 1685 243 1729 simul
255 1686 374 1742 praestito.
389 1687 445 1730 Cum
458 1686 518 1729 enirn
531 1686 610 1730 dicunt
625 1700 629 1731 t
644 1686 701 1731 «Vis
714 1690 736 1729 et
750 1686 852 1729 efficacia
863 1685 965 1728 motivo*

117 1778 169 1806 rum
187 1779 246 1823 quae
262 1763 363 1808 militant
380 1779 422 1821 pro
438 1764 514 1808 minus
530 1763 644 1822 probabili
660 1768 783 1821 superatur
799 1767 821 1807 et
839 1764 933 1807 eliditur
950 1779 966 1806 a

117 1842 212 1886 motiuis
233 1843 366 1888 fortioribus
386 1843 547 1899 probabilioris
559 1844 588 1894 »2,
609 1843 727 1886 evidenter
746 1845 881 1900 supponunt
901 1842 963 1885 idem
1016 1890 1017 1893 Ἴ

117 1935 166 1964 esse
178 1921 309 1965 subiectum
321 1921 456 1978 cognitionis
468 1922 571 1965 omnium
583 1921 674 1967 illorum
686 1921 827 1964 motivorum
843 1921 867 1963 in
883 1920 966 1965 ordine·

118 2000 148 2042 ad
167 2014 287 2043 assensum
306 2000 465 2043 obtinendum.
485 2000 551 2058 Quod
570 2013 616 2042 non
634 2000 667 2043 ita
685 2014 733 2043 esse
752 1999 903 2050 ostendimus,
922 1999 963 2042 sed

116 2078 190 2135 magis
206 2078 279 2136 liquet
299 2078 355 2122 haec
371 2079 408 2121 vel
423 2078 464 2123 illa
478 2078 568 2121 motiva
583 2078 679 2121 fortiora
695 2092 813 2135 apparere,
835 2078 963 2120 secundum

118 2157 180 2212 quod
192 2171 257 2200 mens
269 2157 373 2200 iudicans
385 2171 409 2200 se
421 2171 473 2200 cum
485 2157 528 2200 tali
539 2157 577 2200 vel
588 2157 630 2200 tali
642 2157 745 2200 subiecto
757 2156 868 2200 sensitivo
879 2144 979 2199 identi?

119 2236 180 2278 ficet.
202 2238 265 2280 Dum
287 2239 365 2279 autem
387 2250 401 2278 a
420 2236 463 2278 tali
483 2236 665 2279 identificatione
686 2236 795 2286 abstinet)
817 2248 864 2277 non
884 2237 962 2291 potest

118 2313 217 2370 opinari.

149 2392 290 2449 Perspicitur
305 2392 404 2448 denique
420 2406 448 2434 ex
463 2392 537 2443 dictis,
555 2392 702 2448 quandonam
718 2391 840 2448 oppositae
855 2391 966 2447 probabi-v

116 2471 195 2515 litates
209 2471 254 2513 dici
267 2471 357 2527 possint
371 2471 431 2513 inter
444 2484 467 2513 se
481 2470 541 2514 elidi.
557 2471 584 2514 ld
598 2474 653 2513 tunc
666 2470 740 2513 solum
757 2469 805 2513 fieri
818 2469 863 2512 dici
876 2472 962 2525 potest,

95 2600 97 2604 ‚
117 2550 211 2606 quando
228 2564 257 2592 ex
272 2549 430 2606 progressione
446 2549 513 2592 unius
530 2548 677 2605 eiusdemque
693 2552 769 2592 status
786 2548 899 2604 opinativi
916 2547 965 2590 effi*

116 2677 356 2686 r—————-——

130 2791 131 2794 ,
142 2757 157 2780 1.
172 2748 224 2790 Quae
232 2748 281 2780 enirn
290 2751 334 2780 sunt
342 2748 435 2781 contraria
443 2749 462 2781 in
470 2758 494 2787 re,
503 2758 567 2781 eorum
575 2749 655 2782 rationes
664 2759 701 2781 non
709 2750 753 2780 sunt
761 2747 865 2780 contrariae
873 2746 892 2779 in
900 2748 965 2778 mente

117 2814 160 2835 curn
176 2805 349 2847 apprehenduntur,
367 2806 414 2837 used
430 2805 489 2846 magis
505 2815 564 2837 unum
579 2806 715 2837 contrariorum
731 2806 759 2836 est
775 2804 824 2836 ratio
840 2802 963 2845 cognoscendi
999 2823 1000 2826 =

117 2859 173 2899 aliudy
185 2862 322 2903 propterquod
334 2862 362 2892 est
372 2871 409 2893 una
420 2861 497 2893 scientia
507 2861 643 2893 contrariorum
652 2873 663 2894 r.
678 2861 696 2893 1²
706 2860 737 2899 2²¹²,
755 2869 774 2902 q‚
786 2868 814 2901 35,
822 2853 842 2891 a.
854 2868 870 2900 5,
881 2859 905 2891 ad
916 2867 932 2896 2,
943 2851 968 2890 et'

117 2926 178 2958 saepe,
878 2935 880 2939 -

142 2982 157 3004 2.
171 2972 299 3011 Bnnunouru,
314 2976 342 3015 op.
357 2965 392 3010 cit..
406 2984 424 3016 p,
440 2982 479 3005 120.
493 2973 540 3005 Vide
554 2974 611 3005 etiam
625 2973 720 3011 Gnnonrr,
734 2974 745 3006 l.
761 2983 781 3011 c.,
797 2981 819 3003 20
833 2970 896 3014 aprilis
911 2979 963 3010 1911!

116 3021 134 3072 ri·
150 3038 190 3070 254⁴
