1948 3333
297 100 329 131 DE
345 98 459 131 DELECTU
476 97 616 130 OPINIONUM
849 95 877 143 75

32 258 85 288 mus
101 243 223 301 percipere,
241 241 367 286 secundum
384 254 456 298 supra
473 239 591 298 explicata
601 253 606 292 ;
624 242 701 296 potest
719 239 790 283 etiam
809 239 878 283 homo

33 327 138 381 tempore
159 325 182 366 et
205 321 325 365 conatibus
341 320 444 363 minuere
461 319 566 363 detectus
583 319 701 382 naturales
718 332 765 362 non
780 319 878 362 morales

34 416 63 445 ex
74 400 195 445 individua
206 399 363 458 complexione
375 399 527 456 procedentes
539 401 565 442 ut
578 400 612 441 est
626 411 660 441 ex,
673 411 706 455 gr.
719 396 862 441 obliviositas
873 410 878 449 ;

35 484 59 523 at
76 480 192 524 delectum
208 479 274 522 illum
290 481 367 520 totam
383 476 483 534 speciem
500 480 680 533 consequentem
697 490 743 534 quo
762 476 788 519 fit
805 479 832 519 ut
848 475 878 519 sit

34 558 58 602 in
70 559 136 603 nobis
148 557 261 616 opinionis
272 556 420 607 incertitudo
433 556 471 599 vel
482 555 587 606 dubium,
596 558 673 612 >utque
685 556 801 611 quaedam
810 554 878 612 nobis

33 638 102 681 utilia
117 651 158 680 nos
174 632 269 687 lateant,
287 635 355 686 hunc,
373 634 477 692 inquam,
495 633 619 685 deiectum,
637 634 677 690 qui
693 633 717 676 in
732 637 797 677 statu
813 633 878 677 inno-

34 716 123 759 centiae
141 715 233 759 tuturus
251 728 297 756 non
316 713 404 764 luisset,
423 713 489 756 nulla
506 715 584 769 potest
602 712 665 755 bona
682 712 791 755 voluntas
809 726 877 764 nunc,

34 808 87 837 curn
100 793 184 837 auxilio
196 792 282 850 gratiae
293 791 428 842 ordinariae,
441 791 529 834 tollere.
543 793 570 835 ln
581 790 660 834 multis
671 794 739 843 certe,
751 791 877 835 secundum

34 873 147 916 rationem
156 871 199 915 sibi
206 854 297 928 ignotis,
304 870 408 913 homines
417 869 493 912 sancti
500 869 585 912 divinis
593 869 742 913 instinctibus
752 870 875 922 ducuntur,

36 952 75 1008 qui
90 950 213 994 instinctus
228 952 281 993 sunt
298 951 327 992 ad
340 965 349 989 (t
358 950 421 992 dona
432 948 511 992 Sancti
523 947 622 1006 Spiritus
634 965 642 990 >1
651 948 763 992 referendi
774 962 779 1000 ;
790 949 877 992 suffice-

34 1033 132 1088 rentque
148 1029 250 1086 protecto
267 1027 400 1071 huiusmodi
416 1026 548 1079 instinctus,
565 1027 584 1069 si
600 1026 627 1069 iis
645 1027 714 1070 homo
731 1027 754 1070 in
770 1028 877 1071 omnibus

7 1123 8 1126 ¹
35 1110 173 1159 moveretur,
189 1107 218 1150 ad
233 1120 311 1150 omnes
326 1106 430 1150 delectus
445 1105 582 1162 cognitionis
597 1105 712 1162 practicae
726 1105 878 1151 infallibiliter

34 1186 156 1237 sanandos,
176 1185 216 1229 sed
234 1185 274 1228 illa
291 1185 456 1241 supplementa
474 1183 611 1241 prudentiae
630 1184 811 1241 supernaturalis
830 1198 877 1227 non

35 1266 101 1316 solet,
117 1267 143 1307 ut
158 1264 256 1315 videtur,
273 1266 342 1313 Deus,
353 1262 425 1306 etiam
440 1261 549 1305 maximis
564 1262 649 1305 sanctis
664 1262 699 1305 ita
713 1263 823 1305 continuo
837 1263 877 1305 tri-

36 1344 113 1394 buere,
128 1345 155 1385 ut
170 1355 290 1397 nunquam
305 1341 328 1383 in
343 1340 460 1398 operando
476 1344 559 1391 errent,
575 1341 695 1397 multoque
709 1341 792 1392 minus
808 1344 834 1384 ut
849 1342 878 1385 de

36 1421 137 1465 externis
159 1419 344 1470 circumstantiis,
367 1422 494 1477 antequam
515 1422 593 1481 agant,
619 1433 737 1475 nunquam
761 1419 876 1471 dubitent,

37 1500 96 1543 sicut
114 1500 240 1542 luculenter
256 1498 329 1554 liquet
344 1512 373 1541 ex
388 1497 507 1540 historia1.

66 1576 160 1622 Rationi
175 1580 254 1619 tamen
269 1579 451 1619 consentaneum
467 1579 509 1626 est,
527 1601 556 1607 —
571 1576 634 1632 quod
649 1576 721 1619 etiam
737 1576 878 1633 experientia

35 1657 193 1707 confirmatur,
210 1681 240 1686 -
253 1658 280 1697 ut
297 1654 354 1710 quis,
371 1654 431 1697 sicut
447 1668 518 1711 supra
532 1656 624 1697 tactum
640 1658 675 1698 est
691 1669 713 1711 p.
730 1667 765 1712 72,
782 1656 838 1698 dum
854 1656 878 1698 in

35 1733 159 1792 prudentia
177 1732 264 1785 crescit,
283 1732 383 1776 minores
401 1746 492 1790 semper
511 1732 643 1790 experiatur
661 1733 835 1777 incertitudines
854 1738 877 1778 et

36 1812 200 1856 haesitationes
215 1811 243 1854 de
259 1811 358 1868 agendis,
374 1811 394 1854 si
409 1814 490 1854 tamen
505 1815 614 1856 externae
629 1811 816 1855 circumstantiae
831 1813 878 1858 fere

36 1890 163 1948 aequaliter
174 1904 197 1933 se
209 1890 293 1933 habere
304 1893 476 1947 supponuntur.
490 1890 518 1933 Id
529 1889 573 1932 viri
584 1889 616 1946 pii
628 1889 730 1933 sentiunt
744 1890 793 1934 fieri
804 1891 878 1949 dupli-

35 1969 93 2013 citer
107 1982 111 2012 :
126 1967 158 2025 1⁰)
172 1969 228 2011 dum
241 1968 357 2020 vitiorum,
372 1982 399 2011 ac
412 1968 548 2024 praesertim
562 1967 646 2011 amoris
658 1969 744 2025 proprii
756 1969 875 2022 malitiam,

37 2061 108 2104 quarn
119 2050 187 2090 antea
196 2046 221 2088 in
231 2046 370 2103 quibusdam
382 2046 512 2089 actionibus
523 2046 594 2089 latere
604 2046 645 2089 vix
654 2047 832 2103 suspicabantur
841 2050 877 2092 vel

36 2127 66 2169 ad
75 2139 192 2169 summum
202 2124 364 2181 opinabantur,
375 2138 437 2167 nunc
446 2125 470 2167 in
479 2124 561 2167 iisdem
572 2125 651 2168 adesse
660 2128 723 2168 certo
732 2126 861 2183 percipiunt
872 2141 878 2179 ;

6 2199 9 2209 f
36 2204 69 2261 2⁰)
86 2205 149 2254 dum,
166 2206 253 2253 contra,
270 2203 392 2259 quaedam,
409 2203 438 2245 de
455 2203 538 2259 quibus
558 2206 628 2246 antea
645 2204 701 2246 satis
719 2205 833 2248 timebant
849 2220 878 2249 ne

36 2282 85 2325 sine
99 2285 193 2339 peccato
208 2294 254 2323 non
268 2284 362 2338 possent
379 2280 435 2332 lieri,
449 2281 520 2325 libere
534 2281 633 2338 posthac
648 2283 811 2339 aggrediuntur
825 2298 878 2327 cum

62 2514 76 2537 1,
91 2504 154 2547 Ipsam
165 2503 187 2536 B.
201 2501 300 2544 Virginem,
315 2512 371 2544 quam
385 2502 477 2535 credimus
490 2513 501 2535 a
513 2505 591 2546 peccato
604 2503 689 2546 originali
700 2504 804 2537 immunem
815 2505 877 2545 tuisse,

36 2559 121 2593 videmus
133 2560 204 2597 tamen,
219 2568 257 2591 non
270 2558 345 2601 proprie
359 2559 382 2591 de
396 2559 446 2590 bono
460 2559 535 2591 malove
551 2560 577 2603 (ε
587 2560 610 2592 de
624 2559 681 2602 licito)
697 2560 798 2599 dubitasse,
813 2563 845 2595 sed
859 2565 878 2595 et

37 2617 124 2647 externae
131 2614 252 2647 ordinationis
260 2614 294 2646 Dei
300 2614 385 2656 ignaram
394 2614 443 2656 (Luc,
453 2614 467 2653 r,
476 2615 505 2656 34)
521 2614 583 2658 tuisse,
591 2617 610 2646 et
617 2617 710 2658 quaedam
716 2627 754 2650 non
760 2617 880 2657 intellexisse,

37 2681 85 2714 quae
94 2671 117 2703 ad
126 2670 168 2703 Filii
176 2670 330 2712 gubernationem
337 2670 453 2712 pertinerent
465 2670 520 2713 lLuc,
530 2680 546 2710 2,
556 2671 592 2713 50).
603 2671 620 2704 S.
630 2671 700 2715 Joseph
708 2672 792 2706 videmus
800 2673 819 2706 id
828 2675 879 2717 apud

37 2736 61 2765 se,
74 2737 97 2760 ex
108 2726 218 2769 ignorantia,
231 2726 323 2764 statuisse,
337 2726 388 2769 quod
400 2725 475 2759 divinae
487 2727 582 2759 voluntati
594 2728 708 2760 contrarium
720 2730 760 2761 erat
772 2738 776 2762 z
789 2725 878 2773 ἐβουλήθη

36 2779 126 2816 ἀπολῦσαι
141 2782 189 2825 (Mc,
200 2792 214 2820 1,
226 2781 259 2824 19).
274 2782 305 2814 Cir
317 2782 386 2815 iterum
398 2781 429 2814 rm
438 2782 468 2822 2⁵⁹⁸,
482 2792 501 2824 q,
517 2792 544 2822 19,
554 2793 570 2816 a.
581 2793 615 2816 ro:
631 2796 638 2814 u
646 2784 715 2817 Utrum
723 2785 846 2818 necessarium
854 2786 878 2818 sit

37 2840 155 2872 voluntatem
166 2839 268 2871 humanam
280 2838 392 2870 conformari
404 2839 499 2871 voluntati
511 2839 586 2872 divinae
599 2840 618 2872 in
630 2840 694 2878 volito,
708 2841 732 2873 ad
744 2842 779 2873 hoc
791 2843 841 2883 quod
854 2842 878 2874 sit

37 2895 91 2933 bona.
102 2907 109 2925 r
128 2894 221 2937 Quamdiu
232 2894 356 2937 cognitionem
367 2894 392 2926 ab
402 2895 494 2927 exteriore
504 2895 600 2928 haurimus
611 2896 630 2927 et
641 2896 738 2929 subdimur
748 2897 819 2939 legibus
829 2898 877 2942 posi-

36 2951 81 2984 tivis
89 2950 175 2988 externis,
183 2959 280 2993 possumus
288 2950 426 2992 inculpabiliter
434 2943 527 2994 quaedam
535 2952 559 2985 ad
567 2952 660 2994 agendum
667 2952 780 2995 pertinentia
787 2953 876 2996 ignorare,

37 3007 73 3040 nisi
87 3007 151 3040 obstat
165 3006 285 3039 Providentia
300 3005 389 3049 specialis.
