2068 3413
156 136 185 180 40
259 111 261 113 v
372 137 549 179 vQUAESTIONES
566 138 598 169 DE
614 137 776 170 CONSClENTIA

157 283 235 322 autem
251 282 353 337 systema
369 279 429 325 circa
444 280 634 337 probabilitatem
650 281 732 327 nititur
747 281 860 339 principio
877 281 911 324 ita
927 285 996 334 certo,

156 361 183 401 ut
199 357 255 400 satis
272 359 397 401 ostendunt
414 359 452 401 vel
468 358 532 415 ipsae
549 359 708 416 theologorum
724 360 911 417 disceptationes
929 363 996 418 Ergo

125 494 128 499 .
187 436 286 480 Falsitas
310 437 434 482 tutiorismi
459 437 560 492 absoluti
583 438 695 495 probatur
719 439 858 483 auctoritate
882 439 997 483 Ecclesiae

158 513 237 571 (Denz.
250 515 322 572 1293),
334 530 362 558 ex
371 515 518 573 legitimitate
529 530 584 559 usus
595 516 699 574 principii
709 516 797 568 reflexi,
809 531 838 560 ex
847 517 996 574 importabili,

156 607 227 649 quam
243 594 338 645 inducit,
357 594 520 651 aggravatione
536 594 593 638 levis
610 595 683 652 oneris
700 595 791 639 Christi.
810 596 909 639 Falsitas
926 596 997 639 tutio-

154 672 219 714 rismi
225 672 336 729 mitigati,
350 687 378 715 ex
389 668 471 716 eodem
483 670 567 715 ultimo
579 673 730 726 incommodo,
744 689 773 717 ex
784 688 897 718 consensu
908 675 997 718 theolo-

154 765 243 807 gorum,
254 766 282 794 ex
291 765 317 794 eo
328 752 389 807 quod
399 765 479 794 omnes
490 766 549 810 quae
559 752 583 794 in
592 766 618 795 eo
629 753 756 795 afferuntur
766 753 906 796 obiectiones
916 756 997 797 contra

153 829 378 886 probabiliorismum
395 830 433 873 vel
449 830 648 887 probabilismum,
666 834 699 873 ut
710 846 770 890 quae
787 831 833 876 lere
850 832 896 874 sint
914 832 996 875 tunda-

153 911 234 951 menta
247 908 371 952 tutiorismi
392 908 493 960 absoluo,
515 909 604 965 possint
620 909 751 968 retorqueri.
770 910 909 953 Rationibus
924 924 994 967 supra

152 986 235 1043 positis
251 987 307 1029 satis
326 987 351 1029 fit
368 987 532 1043 distinguendo
548 987 671 1030 laesionem
687 988 742 1044 legis
759 987 904 1033 materialem
922 1003 935 1031 a
951 988 996 1031 for-

152 1065 216 1116 mali,
235 1092 264 1097 -
281 1066 401 1109 asserendo
420 1065 583 1110 certitudinem
601 1065 678 1108 iudicii
695 1066 792 1122 practici
810 1080 863 1132 cum
880 1067 996 1110 sententia

151 1143 294 1199 speculative
303 1158 349 1186 non
359 1147 428 1195 certa,
439 1144 492 1189 oriri
502 1158 531 1186 ex
539 1143 650 1201 principio
660 1143 746 1189 reflexo
755 1147 819 1189 certo
829 1145 896 1202 legero
905 1145 996 1189 dubium

152 1227 198 1272 boor
210 1222 309 1279 obligare,
322 1223 383 1278 quod
394 1222 534 1279 principium
546 1236 624 1265 omnes
637 1223 771 1274 admittant,
783 1223 838 1267 solis
850 1223 994 1280 rigidioribus

152 1301 262 1357 exceptis.
280 1299 409 1358 Syllogismi
425 1314 478 1358 ergo
494 1301 591 1357 practici
606 1301 715 1346 maiorem
731 1302 883 1358 praemissam
899 1302 994 1359 praebet

152 1378 196 1421 hoc
224 1379 380 1436 principium;
407 1379 521 1422 minorem
546 1382 625 1422 autem
651 1379 773 1422 constituit
795 1379 914 1431 iudicium,
938 1381 994 1426 lrorrc

151 1457 220 1514 legem
244 1459 279 1502 lrr'c
305 1463 323 1502 et
343 1462 406 1502 'rrrrrrc
432 1473 477 1502 esse
500 1458 599 1509 dubium,
627 1456 689 1514 quod
710 1458 824 1501 iudicium
847 1461 925 1515 potest
945 1471 995 1501 esse

151 1536 311 1588 certissimum,
332 1536 374 1580 etsi
395 1536 495 1581 materia
513 1536 562 1579 eius
581 1536 610 1579 sit
630 1520 894 1580 dubitatiosConclusio
914 1537 992 1593 itaque

150 1614 278 1672 syllogismi
300 1615 395 1672 practici
424 1614 472 1671 (seu
493 1615 610 1658 dictamen
630 1614 790 1672 conscientiae)
818 1618 903 1672 potest,
924 1615 992 1658 sicuti

146 1693 228 1744 debet,
247 1707 295 1736 esse
313 1696 382 1739 certa.

549 1841 622 1887 iz·v

369 1959 515 2006 Argumenta
528 1958 779 1997 Probabilioristarum

178 2091 271 2142 Dicunt
279 2098 485 2155 probabilioristae,
501 2098 628 2155 suppositis
643 2097 732 2140 duabus
747 2097 876 2148 sententiis,
893 2110 991 2153 quarum

149 2174 223 2221 altera
231 2177 281 2234 legi,
294 2177 365 2242 altera
374 2177 478 2222 libertati
490 2192 499 2216 r
508 2176 586 2219 faveat
598 2193 613 2227 o,
624 2189 714 2219 necesse
724 2189 780 2226 esse,
793 2175 823 2218 ad
833 2175 990 2232 benigniorem

147 2255 209 2298 licite
223 2248 414 2312 amplectendam,
428 2258 455 2298 ut
469 2269 496 2298 ea
508 2254 642 2312 probabilior
653 2254 682 2297 sit
696 2268 768 2310 quam
780 2253 897 2297 sententia
909 2254 989 2297 favens

147 2333 199 2390 legi.

178 2480 196 2523 Ι.
216 2480 252 2523 Ex
270 2479 387 2537 Scriptura
404 2480 525 2522 adducunt
544 2480 585 2522 Mt.
604 2490 624 2535 7.
645 2491 678 2534 14,
703 2481 793 2520 arctam
810 2491 859 2521 esse
877 2477 946 2528 viam,
966 2481 989 2521 et

140 2561 271 2615 angustam
287 2561 386 2615 portam,
405 2572 464 2614 quae
482 2558 512 2601 ad
529 2558 604 2601 vitam
621 2558 722 2608 ducant;
740 2569 815 2613 porr0,
833 2556 853 2598 si
869 2556 947 2599 liceret
964 2570 988 2599 se

147 2637 178 2679 ab
191 2636 370 2693 obligationibus
384 2637 491 2687 eximere,
500 2640 582 2681 contra
595 2649 652 2692 quas
662 2635 736 2678 afferri
745 2634 819 2691 possit
833 2634 893 2676 ratio
906 2635 989 2691 proba-

145 2714 205 2766 bilis,
223 2715 296 2759 latam
313 2715 360 2760 iore
376 2718 470 2772 portam
487 2715 660 2772 spatiosamque
676 2713 739 2756 viam
756 2712 866 2770 paradisi.

176 2862 207 2905 Il.
219 2861 336 2918 Exemplis
347 2861 418 2904 etiam
429 2861 601 2918 scripturisticis
611 2874 659 2906 rem
669 2860 794 2910 illustrant,
807 2872 907 2914 quarum
918 2873 987 2915 quae-

143 2940 199 2982 dam
211 2954 258 2982 non
270 2942 347 2983 carent
359 2953 400 2983 suo
412 2940 497 2996 lepore.
511 2940 547 2984 Sic
560 2953 595 2982 ex.
608 2952 640 2995 gr.
652 2938 757 2988 Billuart,
772 2940 807 2994 op.
821 2936 864 2988 cit,
878 2936 932 2981 diss.
945 2938 985 2989 VI,

144 3021 188 3069 art.
206 3031 224 3069 1,
240 3019 255 3062 l.
270 3032 297 3070 c.‚
313 3033 335 3075 p.
352 3028 393 3073 353
411 3032 415 3062 ε
434 3018 575 3063 «Probabile
590 3020 638 3061 erat
654 3016 716 3063 Sauli
733 3015 755 3073 (r
770 3017 830 3072 Rog,
848 3015 884 3072 15)
900 3029 924 3058 se
939 3029 985 3058 non
