1948 3333
275 110 308 142 nn
324 110 468 142 APPETrrlvo
485 111 511 143 nr
528 111 646 142 0111110111
854 102 881 155 65
922 112 924 114 ’

38 252 236 304 obnubilantibus,
256 266 348 295 erronee
366 252 390 295 in
407 251 447 295 illa
465 252 562 296 materia
580 251 699 304 iudicaret,
720 256 743 296 at
762 243 880 297 evidenter

38 334 111 389 patet,
125 331 231 374 illicitum
244 345 293 374 esse
306 334 332 374 ut
346 332 397 390 quis
409 345 433 374 se
446 331 480 374 ita
492 332 596 375 sensibus
609 332 687 374 tradat
701 335 724 375 et
737 322 833 388 mergat,
847 335 880 383 ut,

39 409 144 454 veritatis
163 410 226 467 prius
245 410 350 467 cognitae
369 410 498 454 voluntarie
518 410 611 462 oblitus,
632 410 757 454 adhaereat
776 410 881 454 falsitati.

41 491 141 534 Peccans
153 488 171 531 is
185 489 227 531 (111
238 489 312 532 lucem
324 506 339 540 1),
352 492 378 532 111
391 488 463 540 aiunt,
477 489 650 533 deordinatione
662 489 765 532 maxima
776 489 881 546 ignoran-

40 567 98 610 tiam
115 569 255 618 affectaretl,
271 570 294 610 et
309 581 396 619 sensus,
412 568 594 623 qui-subservire
609 568 709 611 debeant
724 567 881 619 intellectioni,

41 645 146 689 dominos
163 646 313 688 constitueret
329 646 498 690 intellectionis.
515 648 631 690 Advertas
647 650 727 690 tamen
743 646 819 698 velim,
836 661 884 689 rem

41 738 88 767 non
101 724 265 767 tantummodo
279 724 355 767 locum
370 725 453 768 habere
466 725 490 767 in
503 725 592 782 magnis
605 725 650 767 11115
664 724 823 781 peccatoribus
838 725 883 781 qui,

42 804 99 846 dum
115 802 276 859 voluptatibus
293 803 419 860 indulgent,
436 804 519 847 volunt
536 803 688 847 conscientiae
704 817 785 847 vocem
802 804 883 860 sopire,

43 885 73 932 et,
96 885 210 938 quantuni
231 881 318 924 homini
338 882 446 939 possibile
467 886 508 933 est,
530 883 656 926 secundum
677 883 737 925 solos
757 882 886 939 voluptatis

45 961 101 1003 fines
122 960 243 1003 iudicare2.
266 961 309 1004 Sed
330 960 399 1003 homo
420 975 454 1004 ex.
476 975 507 1018 gr.
528 961 683 1017 scrupulosus,
705 962 797 1017 qualem
817 976 887 1018 supra

43 1038 206 1095 descripsimus
229 1038 259 1095 (p.
282 1038 318 1095 27)
345 1039 512 1082 rationabiliter
528 1040 621 1095 quidem
636 1043 712 1083 certus
728 1043 762 1083 est
781 1054 804 1082 56
819 1054 886 1097 posse

43 1117 105 1161 licite
127 1132 198 1174 agere,
220 1117 337 1173 experitur
357 1122 442 1168 autern,
463 1132 492 1160 ex
511 1122 577 1175 parte
598 1118 704 1161 animalis
724 1118 886 1169 existimantis,

44 1195 121 1239 varias
136 1195 311 1253 imaginationes
327 1199 349 1239 et
365 1196 499 1253 opinionum
514 1196 672 1247 inchoationes
688 1211 746 1252 quae
762 1197 887 1255 coalescere

45 1277 159 1318 conantur
170 1275 193 1317 in
204 1273 314 1317 iudicium
328 1275 420 1317 firmum
432 1275 460 1317 de
471 1278 573 1331 peccato.
586 1276 609 1318 Is
620 1275 639 1317 si
650 1275 751 1318 motibus
763 1275 807 1317 illis
819 1275 888 1318 sensi-

45 1354 109 1396 tivae
122 1353 195 1409 partis
208 1355 289 1395 contra
301 1352 411 1395 iudicium
425 1353 519 1395 rationis
533 1353 601 1404 cedit,
615 1353 677 1396 facili
690 1354 783 1409 quidem
797 1353 888 1410 negotio

34 1431 136 1482 efficiet,
151 1434 177 1474 ut
192 1431 346 1488 amplectatur
359 1434 472 1486 tanquam
486 1431 611 1488 probabile,
627 1431 742 1488 opinabile
755 1432 812 1476 illud
827 1432 889 1488 quod

47 1510 100 1553 falsi
121 1510 215 1555 timores
233 1509 357 1552 sensitivae
376 1510 449 1566 partis
464 1511 624 1567 suggerebant
641 1514 664 1553 et
684 1514 764 1554 tamen
785 1509 809 1552 in
830 1510 890 1553 hanc

47 1592 139 1646 partem
153 1602 200 1630 non
217 1587 373 1639 inclinabitur,
389 1587 432 1630 nisi
446 1588 495 1632 vini
510 1588 617 1632 iaciendo
632 1589 728 1632 veritati
743 1589 799 1631 satis
813 1593 895 1640 notae„

48 1669 126 1723 sicque
147 1666 195 1723 (per
214 1681 237 1709 se
256 1666 380 1723 loquendo)
400 1667 513 1723 peccabit.
534 1668 599 1710 Idem
620 1668 765 1723 aliquatenus
785 1667 889 1718 iacimus,
917 1726 923 1729 „

49 1745 246 1803 quotiescumque,
277 1744 414 1789 certitudine
435 1746 516 1788 morali
536 1746 632 1789 scientes
654 1746 768 1789 actionem
789 1746 891 1802 aliquam

49 1824 116 1868 nobis
131 1824 253 1867 molestam
269 1822 343 1866 hicet
359 1837 420 1866 nunc
435 1824 549 1880 expedire,
566 1838 617 1867 eam
629 1824 769 1875 omittimus,
786 1824 892 1881 opinione

50 1905 78 1947 de
89 1902 203 1947 industria
213 1902 313 1945 conficta
323 1915 371 1944 rern
382 1916 428 1944 non
438 1902 552 1959 expedire,
564 1917 592 1945 ne
602 1903 668 1946 nobis
679 1903 800 1946 videamur
809 1903 892 1959 imper-

50 1981 174 2026 fectionem
185 1981 282 2024 scienter
293 1980 416 2025 admittere
429 1994 433 2023 :
445 1984 500 2023 tunc
512 1981 580 2032 enim,
592 1984 673 2024 contra
683 1974 807 2025 veritatem
817 1995 892 2026 mora-

50 2061 103 2104 liter
119 2059 176 2102 satis
193 2063 281 2109 notam,
300 2058 423 2101 sensitivae
440 2059 513 2115 partis
532 2073 596 2104 amor
614 2060 689 2111 efficit,
709 2064 734 2103 ut
752 2060 894 2105 contrarium

52 2155 66 2182 a
81 2138 147 2181 nobis
163 2138 277 2182 iudicetur
292 2137 418 2193 probabile.

83 2219 149 2273 Haec
161 2220 239 2259 autem
253 2229 324 2258 manu
338 2216 426 2258 ducunt
440 2216 470 2258 ad
484 2216 663 2273 intellegendum
677 2231 723 2273 qua
735 2216 773 2260 via
785 2216 896 2273 distingui

52 2295 125 2353 possit
135 2294 159 2338 id
169 2295 231 2350 quod
241 2308 320 2338 veram
331 2293 402 2337 habet
412 2294 601 2350 probabilitatem
612 2309 625 2337 a
634 2295 769 2352 simpliciter
779 2295 896 2351 opinabili,

52 2373 93 2418 ubi
109 2387 155 2416 non
171 2356 206 2416 651
222 2372 344 2416 conflictus
361 2372 537 2416 existimationis
553 2373 691 2419 sensibiliter
706 2373 829 2417 inchoatae
845 2387 898 2416 cum

52 2452 152 2497 veritate
163 2455 233 2503 certa,
245 2452 285 2494 sed
297 2451 337 2495 ubi
347 2452 425 2497 variae
436 2452 618 2495 existimationes
632 2452 699 2508 (inter
709 2467 739 2504 se,
751 2456 777 2494 ut
789 2452 897 2502 diximus,

53 2545 101 2574 non
117 2530 194 2587 elisae)
212 2544 235 2573 se
251 2530 325 2572 menti
342 2530 457 2586 eligendas
475 2531 581 2581 offerunt,
606 2534 628 2573 et
645 2531 685 2574 ubi
702 2534 825 2588 propterea
840 2544 899 2587 opus

54 2613 90 2654 est
106 2609 190 2651 iudicio
207 2607 294 2651 reflexo
312 2608 342 2651 ad
360 2609 481 2665 agendum.
916 2594 918 2599 ’

81 2751 95 2774 1.
110 2741 141 2773 crr
155 2741 173 2773 1η
187 2740 217 2778 2³²⁰,
231 2748 249 2781 q.
264 2741 292 2781 76,
307 2749 323 2772 a.
338 2749 363 2781 4:
388 2752 395 2769 1
409 2739 547 2782 Quandoque„
562 2741 667 2783 ignorantia
681 2742 750 2774 directe
763 2742 782 2772 et
795 2750 828 2783 per
841 2750 860 2772 se
873 2743 901 2771 est

56 2797 168 2835 voluntaria,
178 2797 226 2828 sicut
236 2805 278 2827 01111
287 2796 354 2838 aliquis
363 2806 396 2828 sua
406 2798 472 2837 sponte
481 2797 540 2827 nescit
549 2797 619 2838 aliquid
630 2800 651 2829 ut
660 2798 734 2829 liberius
744 2799 808 2839 peccet
817 2807 820 2834 ;
830 2798 849 2828 et
858 2796 902 2828 talis

55 2853 162 2896 ignorantia
173 2853 248 2885 videtur
259 2861 325 2893 augere
336 2851 463 2884 voluntarium
475 2854 493 2883 et
504 2855 615 2894 peccatum3
627 2863 650 2885 ex
661 2854 765 2885 intensione
776 2853 825 2884 enirn
836 2853 902 2884 volun·

55 2909 101 2942 tatis
109 2910 132 2941 ad
140 2909 256 2952 peccandum
262 2908 349 2949 provenit
357 2909 407 2950 quod
414 2907 481 2949 aliquis
490 2909 529 2940 vult
537 2908 598 2940 subire
605 2909 721 2950 ignorantiae
728 2910 819 2942 damnum
826 2910 903 2951 propter

56 2965 163 2998 libertatem
177 2963 273 3007 peccandi.
284 2975 290 2993 1

81 3031 96 3054 2.
111 3021 142 3053 Cir
153 3030 214 3063 supra,
227 3031 244 3063 p.
259 3028 285 3061 13,
298 3021 317 3051 et
328 3020 378 3052 locos
390 3020 407 3052 S,
419 3019 502 3051 Thornae
513 3020 539 3051 ibi
550 3021 642 3053 laudatos

75 3103 174 3137 Quaestiones
182 3104 200 3131 de
208 3102 306 3131 Conscientia
