2068 3413
153 143 182 199 46
381 157 549 199 ouansrrours
565 158 598 189 nu
615 157 776 190 conscmnrm

154 289 180 329 ut
196 300 223 329 ea
239 285 346 331 iuvemur
362 286 470 338 filialiter,
487 288 614 331 secundum
629 288 685 331 haec
704 302 707 332 :
726 304 734 329 ι(
745 289 828 345 Iugum
843 288 904 331 enim
919 302 998 332 meum

153 378 224 408 suave
237 368 280 417 est,
289 368 312 408 et
325 379 383 408 onus
396 379 474 409 meum
484 366 551 409 leue»
564 366 614 424 (Mt.
624 379 657 418 11,
671 367 715 424 30),
724 366 760 409 cui
766 365 850 410 mentis
858 366 997 419 habitudini,

98 463 108 470 e<
153 442 177 485 in
188 442 305 487 cotidiano
313 444 631 501 usuatquevitechristiane,
639 445 998 489 anxiaillasollicitudomaxime

152 525 272 579 repugnet,
281 536 353 582 quam
359 523 421 567 ultro
427 523 640 580 probabiliorismus
647 523 742 567 inducit.
756 523 825 580 (Num
835 526 915 567 tamen
924 538 965 581 per
974 538 998 568 se

152 614 233 644 verum
240 600 277 653 sit,
286 601 480 658 probabilismum
487 601 612 648 universim
621 606 741 660 sumptum
750 616 798 646 esse
804 602 1000 659 benignioremeo

152 693 220 722 sensu
231 683 257 722 ut
272 695 301 723 ex
314 680 362 723 eius
376 680 494 738 principiis
507 681 618 726 minorem
628 682 676 725 vim
686 681 729 739 sibi
740 681 808 725 homo
819 682 902 725 debeat
913 681 996 733 iacere,

151 760 234 814 postea
247 758 462 816 considerabimus).
478 760 515 803 Ad
531 764 666 817 argumenta
680 775 709 803 ex
723 760 818 811 ratione,
837 761 978 817 respondent
992 773 996 804 :

151 837 227 881 neutri
242 837 402 894 propositioni,
415 852 489 894 neque
500 839 614 895 probabili
625 853 698 895 neque
710 838 864 896 probabiliori,
878 851 998 882 assensum

150 915 264 971 praestari
277 930 290 958 a
301 916 390 961 ratione
402 920 428 959 ut
442 933 450 956 u
456 930 523 962 verae
534 916 582 960 sive
589 917 735 968 venonium
742 916 892 974 propositioni
905 917 999 961 deincr-

152 993 252 1037 sr'stcntr'u
271 993 412 1052 obligationis
428 1009 546 1038 assensum
561 996 673 1052 praestari
685 998 798 1051 tanquam
810 999 872 1040 certo
885 1009 959 1047 verae,
973 999 996 1038 et

151 1072 183 1114 sic
196 1073 350 1116 conscientiae
361 1073 472 1116 iudicium
482 1074 598 1119 efformari
609 1088 701 1131 prorsus
712 1077 808 1119 certum.
815 1100 845 1105 -
856 1076 891 1119 De
903 1074 996 1117 elisione

150 1151 353 1207 probabilitatum,
370 1153 523 1195 communiter
539 1153 684 1209 respondent,
702 1167 755 1196 cum
772 1167 801 1196 ex
819 1153 900 1195 eodem
913 1152 998 1195 funda-

150 1232 230 1272 mento
245 1230 397 1287 depromatur
411 1234 509 1288 utraque
524 1231 582 1274 ratio
597 1230 730 1287 probabilis,
745 1234 802 1273 tunc
817 1230 929 1275 minorem
944 1244 998 1287 pro-

151 1308 299 1351 babilitatem
320 1309 390 1361 elidi;
412 1323 465 1352 cum
486 1323 515 1351 ex
536 1309 630 1355 diversis
652 1309 816 1360 fundamentis,
838 1323 994 1365 nequaquam.

152 1386 327 1443 Experientiam
337 1387 438 1431 maxime
450 1388 576 1444 appellant,
588 1391 610 1431 et
622 1389 711 1439 docent,
723 1401 770 1431 non
779 1391 874 1431 tantum
884 1387 908 1430 in
918 1391 996 1431 tenta-

151 1465 254 1508 tionibus
276 1469 358 1511 contra
380 1466 450 1509 fidem
470 1467 508 1509 vel
529 1468 609 1512 contra
629 1467 738 1510 veritates
759 1469 833 1509 certas
854 1466 993 1511 certitudine

151 1543 239 1594 morali,
255 1544 374 1589 sollicitari
388 1544 531 1589 intellectum
545 1544 672 1588 rationibus
687 1559 745 1601 quae
759 1559 800 1601 per
814 1558 934 1587 assensum
948 1558 996 1589 cer-¹

151 1625 203 1664 tum
218 1636 265 1665 non
280 1622 396 1667 elidantur
403 1625 418 1672 1,
434 1623 474 1666 secl
491 1622 515 1665 in
526 1622 605 1667 multis
621 1623 765 1680 opinionibus
782 1637 838 1679 pure
849 1622 997 1668 naturalibus

150 1713 242 1743 manere
256 1714 310 1744 cum
325 1700 463 1744 adhaesione
477 1701 539 1758 parti
552 1701 700 1758 probabiliori
710 1701 809 1745 rationes
823 1700 955 1758 probabiles
969 1700 994 1743 in

150 1779 286 1836 oppositum
303 1793 350 1822 non
367 1779 447 1823 elisas:
460 1782 520 1836 Ergo
537 1780 612 1823 minus
629 1779 761 1837 probabilis,
779 1783 805 1822 ut
822 1780 876 1821 talis
894 1779 993 1836 cognita,

150 1858 276 1913 probabilis
293 1860 428 1910 remanet2;
444 1859 506 1917 quod
521 1858 541 1900 si
555 1872 602 1901 non
617 1872 657 1915 per
671 1872 699 1919 se
710 1861 810 1902 meretur
826 1871 953 1909 assensum,
971 1860 995 1900 at

150 1935 174 1979 id
194 1934 262 1993 plane
283 1936 360 1988 efficit,
382 1940 408 1979 ut
428 1937 457 1980 de
477 1936 639 1980 incertitudine
658 1936 825 1993 probabilioris
846 1936 891 1978 hoc
911 1940 946 1978 est
967 1936 997 1979 de

150 2014 312 2057 inexsistentia
327 2015 391 2072 legis,
408 2015 519 2058 iudicium
536 2018 624 2061 certum
640 2015 713 2072 possit
730 2013 851 2060 efformari.
869 2016 903 2058 De
920 2017 997 2059 trans-

151 2093 264 2149 gressione
275 2093 331 2151 legis
341 2093 463 2145 materiali,
474 2094 614 2150 respondent
626 2093 647 2150 1)
658 2093 811 2151 retorquendo
822 2093 846 2135 in
855 2091 996 2149 probabilio-

89 2219 90 2233 χ
149 2171 226 2223 ristas,
238 2172 277 2228 qui
287 2186 339 2215 eam
349 2186 395 2214 non
405 2172 495 2229 lugiunt
506 2175 620 2228 quantum
629 2170 746 2216 moraliter
754 2174 851 2228 possunt
863 2185 868 2223 3
879 2170 900 2227 Ζ)
912 2185 999 2227 negan0

150 2250 180 2292 do
192 2249 326 2307 fugiendam
338 2264 387 2293 esse
398 2250 603 2307 transgressionem
614 2250 669 2307 legis
681 2263 727 2292 non
738 2249 869 2306 obligantis,
882 2249 896 2292 i.
910 2263 928 2293 e.
940 2249 999 2306 legis

151 2342 210 2384 quae
224 2328 261 2371 hic
276 2332 298 2371 et
313 2343 374 2371 nunc
388 2329 478 2371 nonsit
492 2329 530 2371 lex
545 2343 549 2372 z
564 2329 635 2371 talem
650 2331 727 2371 autem
741 2328 837 2373 credunt
852 2341 901 2371 esse
914 2327 996 2384 legem,

150 2410 311 2465 contraquam
318 2407 404 2450 militet
412 2407 471 2451 ratio
479 2420 533 2452 vere
541 2407 657 2464 solideque
665 2405 799 2464 probabilis.
808 2407 845 2449 Ex
852 2406 889 2448 his
897 2405 999 2462 denique

150 2500 209 2541 quee
222 2486 250 2528 de
264 2485 357 2530 elisione
370 2485 564 2542 probabilitatum
577 2485 664 2536 dicunt,
680 2485 736 2527 satis
752 2483 850 2541 perspici
864 2487 942 2540 potest
957 2497 998 2527 eos

149 2564 234 2608 directe
246 2578 292 2606 non
304 2578 383 2609 curare
395 2565 423 2607 de
434 2564 474 2608 lite
486 2578 545 2619 quae
556 2567 590 2606 est
601 2563 661 2608 inter
671 2562 869 2620 probabilioristas
882 2565 904 2606 et
917 2561 997 2618 eequi-

148 2643 320 2698 probebilistas.
337 2644 381 2687 Sed
396 2644 424 2686 de
438 2642 551 2700 principio
566 2642 714 2699 possessionis
729 2641 878 2692 arbitrantur,
894 2641 998 2697 quoties*

174 2794 188 2817 1.
203 2785 232 2817 Sic
244 2785 312 2823 Ferus,
325 2789 353 2828 op⁴
366 2786 402 2824 cit,
415 2797 433 2829 p.
447 2796 486 2827 194,
499 2787 519 2818 at
530 2785 592 2817 minus
603 2785 686 2823 feliciter,
698 2785 721 2816 ut
732 2784 813 2817 videtur,
825 2784 894 2827 Dispar
905 2785 935 2816 est
946 2783 997 2816 enim,

149 2841 233 2873 condicio
242 2842 281 2874 eius
290 2842 323 2884 qui
332 2842 394 2874 dubiis
403 2842 486 2884 agitatur
495 2851 543 2884 quae
551 2841 591 2884 ipse
599 2841 670 2873 iudicat
678 2850 717 2872 esse
725 2839 857 2883 imprudentia,
867 2850 879 2871 a
887 2839 998 2872 condicione

149 2897 188 2929 eius
200 2897 232 2939 qui
245 2897 293 2930 veris
306 2898 473 2940 probabilitatibus
484 2897 601 2930 sollicitatur.
615 2897 727 2940 Exemplum
738 2898 802 2929 tamen
814 2895 878 2928 iuvare
890 2896 960 2938 potest,
973 2897 997 2927 ut

149 2953 190 2995 quis
198 2953 221 2985 de
228 2953 350 2996 psychologia
358 2953 450 2996 opinionis
457 2963 501 2986 vere
508 2955 630 2996 concreteque
637 2953 712 2985 iudicet.

175 3018 192 3043 2.
209 3010 224 3042 ΙΔ
237 3019 252 3043 e.
265 3010 315 3048 talis,
328 3020 366 3042 non
379 3010 455 3052 quidem
467 3012 489 3041 ut
501 3009 531 3041 hic
545 3011 564 3041 et
577 3019 626 3041 nunc
640 3010 733 3040 mereatur
746 3017 846 3046 assensum,
861 3008 894 3041 sed
907 3009 929 3040 ut
942 3016 996 3050 pers-

148 3065 230 3108 piciatur
242 3069 294 3109 posse
308 3075 411 3105 assensum,
426 3066 476 3098 datis
486 3065 631 3103 condicionibus,
644 3064 744 3108 aliquando
755 3064 827 3096 mereri.
