2068 3413
307 103 446 136 RECTITUDO
462 102 641 136 CONSCIENTIAE
873 102 901 144 13
912 145 913 149 Ἰ

84 248 121 294 Ad
133 243 295 302 complendam
308 245 387 286 autem
400 244 505 295 alteram,
526 256 597 300 quarn
616 242 726 294 diximus,
741 240 900 298 indigentiam,

51 325 207 385 providentur
220 337 233 366 a
245 325 295 367 Deo
307 323 406 367 morales
418 321 587 365 inclinationes.
602 323 705 379 Quarum
718 320 834 377 quaedam
847 323 901 362 sunt

51 403 179 454 naturales,
201 400 356 458 cognitionem
377 401 433 458 legis
454 401 568 446 naturalis
589 400 613 443 in
634 400 743 443 omnibus
764 398 902 443 naturaliter

51 483 220 538 consequentes
231 479 265 537 (1a
273 485 316 530 att,
330 493 352 535 q.
363 492 397 536 93,
408 494 428 523 a.
439 479 469 536 6).
478 479 544 524 Aliae
552 482 607 522 sunt
616 478 749 522 habituales
758 475 884 536 acquisitae
896 491 900 521 :

54 562 98 605 hae
111 563 166 603 sunt
179 558 278 604 virtutes
291 558 390 618 morales
403 558 427 600 in
440 558 567 601 individuis
582 571 611 600 ex
624 556 773 601 assuetudine
786 557 901 599 bonorum

50 651 151 696 operum
163 625 279 680 causatae.
297 636 363 680 Aliae
375 640 429 679 sunt
443 637 553 688 actuales,
567 640 637 693 prout
653 636 677 678 in
693 635 784 678 actione
796 634 902 679 virtuosa

55 718 121 761 adest
136 715 259 759 instinctus
274 714 373 766 divinus,
390 729 436 771 quo
451 715 562 758 voluntas
577 718 656 759 creata
670 718 779 758 movetur
794 713 824 756 ad
839 715 901 758 recte

53 794 186 839 volendum.
201 795 294 838 Erraret
308 796 387 836 autem
401 793 441 850 qui
455 794 499 836 hoc
512 793 599 850 triplex
612 807 684 849 genus
697 791 873 836 inclinationum
888 806 902 834 a

49 872 199 931 perceptione
212 871 260 917 veri
272 871 296 915 in
309 872 443 924 moralibus,
457 872 481 915 id
495 876 530 915 est
544 886 558 914 a
570 875 633 916 recto
647 870 801 914 conscientiae
814 869 900 912 iudicio

49 951 189 1007 :seiungeret
197 952 258 994 Nam
271 953 294 993 et
306 950 330 992 in
343 950 427 994 iudicio
439 950 523 994 ultimo
530 950 640 1007 practico,
649 950 711 1008 quod
725 950 754 992 ab
766 948 817 1005 ipsa
829 948 901 992 libera

49 1029 163 1073 electione
175 1028 267 1074 realiter
279 1042 325 1070 non
339 1028 497 1086 distinguitur,
511 1028 612 1085 cognitio
626 1028 724 1072 actionis
737 1031 763 1070 ut
777 1026 900 1072 actualiter

49 1107 171 1151 taciendae
187 1106 335 1152 conformiter
350 1108 380 1150 ad
395 1109 480 1164 Legem
496 1111 622 1157 aeternam,
638 1120 699 1150 unus
715 1110 780 1149 actus
796 1109 830 1148 est
846 1119 900 1148 cum

53 1185 146 1229 divinae
156 1185 265 1228 motionis
277 1186 436 1242 acceptatione
447 1187 485 1229 vel
496 1185 648 1242 denegatione
661 1185 679 1241 («
690 1174 805 1228 Iudicium
816 1184 845 1227 de
856 1183 900 1227 hoc

50 1263 188 1321 particulari
202 1263 321 1321 operabili,
337 1267 363 1306 ut
379 1278 447 1315 nunc,
463 1277 585 1320 nunquam
600 1267 678 1320 potest
694 1277 743 1306 esse
758 1259 899 1307 contrarium

23 1347 25 1352 ’
54 1342 177 1399 appetitui.
190 1359 198 1382 11
209 1342 230 1386 S.
240 1341 348 1393 Thomas,
358 1345 391 1387 De
403 1343 505 1393 Veritate,
517 1356 538 1398 q.
550 1354 585 1397 24,
597 1356 617 1385 a.
629 1342 650 1399 2)
662 1356 667 1393 ;
677 1368 707 1373 —
719 1344 742 1384 et
752 1341 775 1383 in
785 1340 900 1384 habituali

50 1420 224 1463 existimatione
240 1420 300 1465 circa
316 1424 381 1464 actus
396 1421 502 1471 morales,
519 1421 668 1476 consequitur
682 1420 757 1465 maior
771 1420 809 1462 vel
824 1419 899 1465 minor

51 1499 168 1541 rectitudo
180 1498 323 1555 cognitionis,
336 1499 447 1544 maiorem
458 1500 497 1542 vel
507 1499 620 1543 minorem
632 1498 816 1556 penetrationem
829 1512 900 1554 appe-

51 1576 140 1620 tituum
153 1576 295 1621 sensibilium
310 1591 323 1619 a
335 1577 462 1622 moralibus
475 1577 603 1620 virtutibus
620 1578 637 1634 (1
648 1577 727 1635 Qualis
740 1576 899 1633 unusquisque

50 1657 95 1705 est,
106 1654 159 1698 talis
172 1654 223 1698 finis
233 1655 326 1700 videtur
336 1655 357 1698 ei
368 1655 384 1713 1))
396 1671 401 1708 ;
412 1683 442 1687 —
451 1659 474 1699 et
485 1656 508 1698 in
518 1655 574 1712 ipsis
584 1655 703 1712 principiis
712 1648 768 1711 legis
778 1654 898 1706 naturalis,

51 1732 97 1775 etsi
110 1747 229 1789 nunquam
243 1733 348 1778 totaliter
361 1734 517 1791 exstinguitur
530 1734 660 1790 synderesis
676 1733 694 1790 («
703 1734 726 1778 la
739 1733 897 1784 conscience»,

51 1810 122 1854 latius
135 1811 246 1868 sumpta),
255 1814 279 1854 at
294 1811 343 1856 fieri
355 1816 433 1869 potest
447 1816 481 1863 ut,
495 1826 618 1869 progressu
626 1812 745 1863 vitiorum,
759 1825 832 1868 paene
845 1811 899 1856 irre-

51 1889 187 1945 parabiliter
204 1890 339 1935 obscuretur
359 1891 376 1947 (11
386 1893 560 1948 lntemperatus
577 1890 649 1934 habet
666 1890 822 1947 ignorantiam
840 1879 900 1933 circa

52 1966 129 2023 ipsum
148 1968 225 2019 finem,
243 1968 267 2010 in
285 1972 400 2024 quantum
417 1969 504 2012 scilicet
522 1969 610 2012 iudicat
629 1970 673 2011 hoc
692 1982 741 2011 esse
758 1969 854 2019 bonum,
872 1972 899 2011 ut

51 2044 186 2089 irrefrenate
208 2047 406 2103 concupiscentias
429 2051 547 2103 sequatur.
560 2064 569 2088 u
596 2054 621 2091 2a
647 2054 690 2099 att,
715 2061 737 2102 q.
763 2046 812 2101 156,
835 2061 855 2089 a.
877 2060 898 2101 3,

53 2122 83 2165 ad
98 2136 117 2167 1.
132 2124 171 2167 Cir
182 2125 216 2167 De
226 2125 297 2175 Malo,
313 2139 334 2180 q.
346 2138 365 2179 3,
381 2141 401 2169 a.
417 2125 447 2182 9).
462 2127 526 2170 Haec
539 2125 559 2168 si
572 2125 720 2176 intellexeris
730 2125 861 2182 perspicies,
876 2124 899 2168 in

50 2202 150 2246 materia
168 2203 197 2245 de
216 2203 363 2254 conscientia,
383 2218 458 2250 errare
476 2204 529 2248 illos
547 2204 589 2263 qui
608 2204 761 2247 conscientiae
780 2203 899 2246 dictamen

50 2278 120 2334 plane
133 2278 238 2323 illaesum
252 2295 370 2327 remanere
384 2286 520 2339 supponunt
535 2296 588 2325 cum
604 2283 655 2341 quis
671 2286 771 2324 «contra
785 2281 900 2324 conscien-

52 2356 110 2399 tiam
122 2375 130 2398 1
154 2359 209 2415 agit.
234 2361 454 2417 Quantumcumque
478 2361 539 2403 enim
564 2361 704 2404 conscientia
729 2360 899 2411 «remordet»,

51 2439 268 2494 quantumcumque
281 2438 381 2482 dilucide
394 2439 497 2482 ostendit
512 2439 580 2483 aliter
593 2453 642 2482 esse
657 2439 796 2489 laciendum,
811 2442 898 2490 tamen,

51 2526 79 2554 eo
94 2512 145 2570 ipso
161 2515 259 2558 instanti
275 2530 320 2575 quo
338 2518 388 2575 quis
404 2518 465 2561 male
483 2518 537 2574 agit,
554 2518 648 2561 moralis
665 2517 713 2560 eius
729 2529 805 2562 rerum
822 2517 900 2559 existi-

52 2592 125 2635 matio
142 2594 303 2651 corrumpitur,
320 2609 362 2638 nec
379 2596 520 2638 conscientia
535 2595 638 2641 violatur
654 2596 698 2638 nisi
714 2596 852 2638 seducendo¹

83 2670 132 2726 Ope
143 2671 213 2714 etiam
225 2687 305 2718 eorum
315 2673 481 2730 principiorum
493 2688 552 2730 quae
564 2677 626 2725 sunt,
638 2675 682 2716 hoc
693 2674 768 2730 primo
780 2673 863 2730 capite,
876 2673 900 2716 in

51 2749 188 2793 memoriam
208 2755 323 2802 revocata,
345 2753 411 2796 novit
431 2753 502 2795 homo
523 2752 651 2795 catholicus
671 2753 780 2803 mediam,
802 2766 900 2808 eamque

53 2828 140 2869 rectam
158 2828 221 2871 viam
240 2829 344 2874 obtinere
362 2831 422 2876 inter
439 2831 543 2887 duplices
562 2844 668 2874 excessus
694 2831 816 2875 doctorum
835 2830 858 2873 in
876 2844 901 2875 re

52 2905 134 2947 morali
146 2905 213 2949 huius
225 2908 343 2965 temporis
357 2909 532 2954 Generalissime
544 2909 605 2952 enim
617 2909 741 2965 loquendo,
754 2909 901 2965 distinguun-

52 2982 91 3024 tur
103 2984 166 3039 apud
178 2999 219 3028 nos
231 2987 291 3030 duae
302 2988 441 3044 praecipuae
455 2987 628 3032 incredulorum
640 2988 664 3030 in
676 3002 700 3030 re
713 2987 796 3030 morali
807 2987 900 3031 scholae
