1948 3333
288 111 321 142 oe
337 111 449 143 Durrcru
466 111 606 143 ormronun
857 100 885 155 oo

39 250 69 293 ad
81 251 259 308 dispositionum
271 252 452 297 subiectivarum
465 253 666 311 appretiationem.
681 253 791 311 Quaestio
804 252 884 310 itaque

40 344 95 373 nuni
105 331 157 374 llaec
168 317 244 388 opinio
255 332 284 375 sii
294 332 414 389 probabilis
424 333 540 378 reducitur
552 332 581 375 ad
593 331 753 388 quaestionem
765 345 821 392 arciri
832 331 883 374 iiaoc

40 408 131 452 subiecti
144 410 259 467 dispositio
272 411 301 454 sii
313 411 423 468 eligibiiis.
437 413 468 455 Et
481 411 512 454 sic
525 411 597 468 liquet
611 411 728 468 quomodo
741 413 805 453 recta
818 409 884 452 habi-

40 487 98 530 tudo
122 489 250 532 voluntatis
275 490 304 532 sit
324 501 396 533 ‘verae
421 490 538 546 falsaeque
562 489 735 547 probabilitatis
760 488 886 533 discretiva

40 564 125 618 lutura,
144 571 166 610 et
184 568 306 626 quomodo,
324 569 422 612 relativa
437 568 514 612 indole
530 568 703 625 probabilitatis
720 567 788 624 plene
804 570 885 609 tamen

41 645 126 701 agnita,
143 646 254 689 laxismus
271 647 413 691 excludatur.
431 647 515 703 Aliqua
531 646 592 690 enim
608 646 686 703 opinio
702 646 745 691 erit
762 645 834 689 solide
853 645 884 701 (et

11 759 13 761 .
39 722 91 766 ideo
107 724 216 781 practice)
234 725 367 782 probabilis,
385 739 431 768 non
447 729 541 768 tantum
557 725 685 768 secundum
703 725 765 781 quod
782 724 884 781 placebit

39 801 144 845 subiecto
163 803 195 845 sic
213 804 250 846 vel
269 803 301 846 sic
319 803 457 848 sensibiliter
475 804 594 860 disposito,
608 804 655 846 sed
674 803 803 847 secundum
822 802 885 861 quod

40 894 105 923 mens
125 881 155 924 ad
174 884 265 926 Deum1
295 883 425 926 voluntarie
444 883 551 929 ordinata
569 882 680 939 percipiet
700 881 824 938 eligibilem
848 881 886 924 vel

41 960 215 1015 approbabilem
237 960 280 1004 sibi
302 975 350 1005 esse
371 961 545 1018 dispositionem
567 961 703 1004 sensitivam
725 960 792 1003 iuxta
814 974 885 1017 quam

41 1037 104 1080 dicta
120 1039 197 1095 opinio
214 1043 311 1097 apparet
328 1053 376 1083 esse
393 1039 526 1098 probabilis.

71 1117 189 1174 Exemplis
206 1132 241 1163 res
253 1118 388 1164 illustretur.
404 1145 433 1151 —-
447 1120 464 1163 Ι,
483 1120 568 1162 Paulus
585 1118 727 1161 contumelia
746 1119 844 1162 affectus
857 1117 885 1160 de

41 1191 130 1238 ratione
142 1196 223 1254 agendi
234 1196 352 1240 deliberat.
365 1199 427 1241 Dum
438 1197 569 1248 iracundiae
580 1200 658 1239 motus
669 1196 799 1253 insurgunt,
811 1195 883 1252 perci-

41 1272 76 1329 pit
90 1274 127 1317 ille
143 1275 242 1331 quidem,
258 1275 308 1325 sibi,
323 1275 342 1317 si
356 1275 390 1318 ira
404 1278 467 1318 totus
482 1278 641 1332 occuparetur,
657 1274 705 1318 iore
720 1278 746 1317 ut
762 1277 885 1331 appareret

37 1352 97 1398 ,satis
111 1353 244 1409 probabilis,
259 1353 329 1396 immo
344 1353 441 1396 fortasse
455 1354 521 1397 unice
534 1353 668 1411 probabilis,
683 1353 799 1396 sententia
813 1351 885 1396 viiidi-

42 1434 99 1474 ciani
116 1445 160 1474 esse
179 1431 257 1476 ironam
273 1446 313 1475 seu
331 1433 415 1476 laistim
432 1431 468 1476 iiis
486 1446 530 1475 esse
551 1432 707 1489 quovismodo
725 1431 883 1488 reparandum.

42 1510 162 1566 Respuens
170 1513 248 1553 autem
259 1511 380 1554 voluntate
387 1511 562 1568 dispositionem
573 1511 638 1553 illam
650 1510 791 1562 inimicitiae,
802 1511 885 1567 utpote

40 1593 166 1645 praecepto
182 1588 286 1632 caritatis
301 1589 447 1640 contrariam,
463 1589 565 1632 excludit
576 1588 646 1632 simul
658 1589 821 1632 correlativam
834 1603 886 1646 pro-

38 1657 188 1711 babilitatem
206 1666 273 1711 laxae
291 1668 425 1711 sententiae.
439 1694 469 1699 —
482 1669 513 1711 H.
527 1667 625 1719 Eulalia,
640 1668 720 1710 audito
733 1681 837 1710 sermone
856 1668 885 1710 de

25 1790 26 1793 ,
40 1759 103 1788 vana
112 1746 184 1802 gloria
194 1761 222 1789 ex
231 1746 297 1790 bonis
308 1746 414 1803 operibus
425 1760 493 1803 saepe
508 1750 626 1803 concepta,
642 1746 773 1803 opinionem
786 1746 886 1803 concipit

41 1823 85 1866 sibi
100 1824 223 1881 perfectius
239 1839 294 1875 esse,
310 1824 434 1868 ueletiam
450 1825 610 1875 necessarium,
627 1828 653 1867 ut
670 1839 684 1866 a
700 1824 802 1881 quodam
818 1838 886 1881 opere
900 1824 902 1827 ’

41 1903 102 1946 bono
117 1887 209 1959 publico
225 1903 348 1954 abstineat,
364 1906 386 1946 et
402 1918 429 1946 ea
443 1903 471 1947 de
485 1918 509 1946 re
523 1903 623 1946 consulit
638 1902 810 1946 confessarium.
827 1904 850 1947 Is
866 1898 886 1946 ei

41 1981 150 2032 ostendit,
166 1984 261 2038 propter
275 1982 406 2038 passionem
420 1981 509 2024 timoris
521 1996 550 2024 ex
565 1982 645 2024 audito
656 1996 760 2024 sermone
773 1984 886 2032 exortam,
916 1981 919 1986 ’

41 2060 129 2103 bonum
142 2059 199 2103 illud
213 2074 271 2117 opus
285 2074 346 2103 nunc
359 2059 466 2103 illicitum
480 2060 500 2103 ei
513 2060 593 2111 videri,
608 2064 748 2116 revocatque
762 2061 786 2103 in
799 2074 886 2102 memo-

41 2138 99 2182 riam
116 2138 252 2195 praeteritas
270 2138 340 2181 animi
356 2138 525 2195 dispositiones,
542 2136 596 2181 cum
612 2139 677 2195 pium
693 2138 752 2181 illud
768 2139 887 2195 negotium
919 2178 921 2184 .

42 2216 223 2273 aggrediebatur.
237 2217 324 2260 Annuit
337 2217 377 2259 illa
389 2217 563 2267 rationabiliter,
576 2220 723 2273 tremensque
736 2218 807 2260 etiam
820 2220 885 2267 tunc,

42 2295 163 2339 voluntate
176 2299 256 2339 tamen
267 2295 383 2352 improbat
396 2298 541 2353 praesentem
553 2296 678 2352 ignaviam,
692 2297 808 2353 approbat
822 2310 887 2352 prae-

41 2373 136 2417 teritam
156 2374 273 2425 fiduciam,
292 2378 315 2417 et
334 2377 415 2419 contra
433 2374 627 2417 existimationem
647 2374 779 2426 animalem,
799 2374 888 2417 iudicat

42 2466 90 2496 rem
109 2452 153 2495 sibi
171 2453 244 2497 licere.
264 2478 294 2484 —
312 2444 356 2496 ΠΙ.
377 2453 562 2509 Chrysostomus‚
582 2453 700 2509 religiosus
722 2454 743 2496 S.
765 2452 887 2503 Francisci,

42 2544 132 2587 semper
143 2531 219 2574 tenuit
231 2545 284 2574 cum
297 2532 318 2575 S.
331 2533 501 2582 Bonaventura,
514 2532 551 2574 cui
563 2535 598 2574 est
610 2532 784 2583 devotissimus,
797 2545 888 2574 necesse

43 2623 93 2652 esse
105 2613 249 2666 peccatorem
263 2609 368 2652 confiteri
381 2609 462 2652 statim
475 2613 528 2667 post
542 2610 635 2666 lapsum
649 2610 672 2652 in
686 2611 791 2661 mortale,
807 2609 890 2653 habita

43 2688 175 2731 confessarii
188 2689 261 2744 copia,
276 2688 461 2744 contrariamque
474 2689 604 2731 doctrinam
619 2689 701 2732 habuit
715 2693 741 2732 ut
755 2690 840 2732 laxam.
856 2690 886 2740 ls,

46 2805 159 2815 e-———-·

70 2863 84 2887 1.
98 2854 145 2886 Dico
159 2866 165 2884 ιι
174 2854 197 2886 ad
210 2854 270 2886 Deum
280 2865 292 2891 l,
305 2864 342 2886 non
355 2865 361 2883 ιι
370 2854 394 2885 ad
406 2854 465 2895 legem
475 2866 481 2884 i
493 2854 522 2886 vel
536 2867 542 2884 ιι
551 2854 574 2886 ad
586 2854 694 2886 libertatern
703 2867 715 2893 ιι,
729 2854 759 2886 vol
771 2855 795 2887 ad
808 2854 889 2896 quodvis

45 2909 96 2942 aliud
107 2910 177 2942 bonum
188 2910 276 2948 medium,
287 2912 355 2941 natura
366 2909 441 2951 quidem
451 2919 484 2942 sua
495 2910 594 2942 ductivum
604 2911 627 2943 ad
639 2911 706 2949 Deum,
718 2910 750 2942 sed
761 2911 814 2943 cuius
824 2912 890 2942 tamen

44 2966 112 2998 nimius
122 2975 174 2998 amor
183 2965 242 3008 possit
251 2966 271 2998 in
280 2965 398 3008 opinionibus
408 2965 496 3007 eligendis
506 2966 663 2999 inordinationem
673 2966 766 3006 inducere,
777 2967 826 2998 sicut
835 2967 890 3010 patet

44 3021 65 3054 in
76 3021 166 3065 exemplis
177 3022 279 3064 scrupulosi
291 3021 370 3055 hominis
382 3023 401 3054 et
412 3021 455 3055 laxi.
