<?xml version="1.0" encoding="UTF-8"?>
<!DOCTYPE html PUBLIC "-//W3C//DTD XHTML 1.0 Transitional//EN"
    "http://www.w3.org/TR/xhtml1/DTD/xhtml1-transitional.dtd">
<html xmlns="http://www.w3.org/1999/xhtml" xml:lang="en" lang="en">
 <head>
  <title>
</title>
<meta http-equiv="Content-Type" content="text/html;charset=utf-8" />
  <meta name='ocr-system' content='tesseract 3.04.00' />
  <meta name='ocr-capabilities' content='ocr_page ocr_carea ocr_par ocr_line ocrx_word'/>
</head>
<body>
  <div class='ocr_page' id='page_1' title='image "MN5032ucmf_0_0087.png"; bbox 0 0 1948 3333; ppageno 0'>
   <div class='ocr_carea' id='block_1_1' title="bbox 303 100 883 147">
    <p class='ocr_par' dir='ltr' id='par_1_1' title="bbox 303 100 883 147">
     <span class='ocr_line' id='line_1_1' title="bbox 303 100 883 147; baseline 0.002 -13"><span class='ocrx_word' id='word_1_1' title='bbox 303 102 336 135; x_wconf 76' lang='lat' dir='ltr'>or</span> <span class='ocrx_word' id='word_1_2' title='bbox 353 101 465 135; x_wconf 75' lang='lat' dir='ltr'>oriacru</span> <span class='ocrx_word' id='word_1_3' title='bbox 483 100 623 134; x_wconf 78' lang='lat' dir='ltr'>ornuouuu</span> <span class='ocrx_word' id='word_1_4' title='bbox 856 101 883 147; x_wconf 88' lang='lat'>71</span> 
     </span>
    </p>
   </div>
   <div class='ocr_carea' id='block_1_2' title="bbox 39 243 884 381">
    <p class='ocr_par' dir='ltr' id='par_1_2' title="bbox 39 243 884 381">
     <span class='ocr_line' id='line_1_2' title="bbox 69 243 883 303; baseline 0 -17"><span class='ocrx_word' id='word_1_5' title='bbox 69 245 135 303; x_wconf 75' lang='lat' dir='ltr'>Quod</span> <span class='ocrx_word' id='word_1_6' title='bbox 150 245 244 301; x_wconf 91' lang='lat' dir='ltr'>quidem</span> <span class='ocrx_word' id='word_1_7' title='bbox 258 260 293 289; x_wconf 92' lang='lat' dir='ltr'>res</span> <span class='ocrx_word' id='word_1_8' title='bbox 308 246 340 288; x_wconf 91' lang='lat' dir='ltr'>sic</span> <span class='ocrx_word' id='word_1_9' title='bbox 354 259 423 303; x_wconf 80' lang='lat' dir='ltr'>saepe</span> <span class='ocrx_word' id='word_1_10' title='bbox 437 258 461 289; x_wconf 88' lang='lat' dir='ltr'>se</span> <span class='ocrx_word' id='word_1_11' title='bbox 476 244 562 288; x_wconf 88' lang='lat' dir='ltr'>habeat</span> <span class='ocrx_word' id='word_1_12' title='bbox 582 243 659 301; x_wconf 90' lang='lat' dir='ltr'>negari</span> <span class='ocrx_word' id='word_1_13' title='bbox 677 244 757 300; x_wconf 88' lang='lat' dir='ltr'>nequit</span> <span class='ocrx_word' id='word_1_14' title='bbox 775 247 797 287; x_wconf 88' lang='lat' dir='ltr'>et</span> <span class='ocrx_word' id='word_1_15' title='bbox 817 246 883 301; x_wconf 88' lang='lat' dir='ltr'>patet</span> 
     </span>
     <span class='ocr_line' id='line_1_3' title="bbox 39 321 884 381; baseline 0 -17"><span class='ocrx_word' id='word_1_16' title='bbox 39 321 62 365; x_wconf 85' lang='lat' dir='ltr'>in</span> <span class='ocrx_word' id='word_1_17' title='bbox 77 322 162 380; x_wconf 88' lang='lat' dir='ltr'>triplici</span> <span class='ocrx_word' id='word_1_18' title='bbox 178 324 284 381; x_wconf 82' lang='lat' dir='ltr'>exemplo</span> <span class='ocrx_word' id='word_1_19' title='bbox 300 338 371 381; x_wconf 89' lang='lat' dir='ltr'>supra</span> <span class='ocrx_word' id='word_1_20' title='bbox 387 323 465 368; x_wconf 88' lang='lat' dir='ltr'>allato.</span> <span class='ocrx_word' id='word_1_21' title='bbox 484 325 511 367; x_wconf 86' lang='lat' dir='ltr'>ln</span> <span class='ocrx_word' id='word_1_22' title='bbox 526 323 601 381; x_wconf 90' lang='lat' dir='ltr'>primo</span> <span class='ocrx_word' id='word_1_23' title='bbox 618 322 685 374; x_wconf 88' lang='lat' dir='ltr'>enim,</span> <span class='ocrx_word' id='word_1_24' title='bbox 702 322 822 380; x_wconf 81' lang='lat' dir='ltr'>dispositio</span> <span class='ocrx_word' id='word_1_25' title='bbox 838 322 884 365; x_wconf 91' lang='lat' dir='ltr'>irae</span> 
     </span>
    </p>
   </div>
   <div class='ocr_carea' id='block_1_3' title="bbox 21 402 923 2735">
    <p class='ocr_par' dir='ltr' id='par_1_3' title="bbox 39 402 884 1323">
     <span class='ocr_line' id='line_1_4' title="bbox 40 402 883 461; baseline 0 -17"><span class='ocrx_word' id='word_1_26' title='bbox 40 402 143 444; x_wconf 90' lang='lat' dir='ltr'>nondum</span> <span class='ocrx_word' id='word_1_27' title='bbox 158 407 282 460; x_wconf 88' lang='lat' dir='ltr'>occuparat</span> <span class='ocrx_word' id='word_1_28' title='bbox 299 403 365 448; x_wconf 91' lang='lat' dir='ltr'>Pauli</span> <span class='ocrx_word' id='word_1_29' title='bbox 380 403 491 454; x_wconf 87' lang='lat' dir='ltr'>animum,</span> <span class='ocrx_word' id='word_1_30' title='bbox 507 402 604 461; x_wconf 87' lang='lat' dir='ltr'>ideoque</span> <span class='ocrx_word' id='word_1_31' title='bbox 619 405 669 445; x_wconf 89' lang='lat' dir='ltr'>tarn</span> <span class='ocrx_word' id='word_1_32' title='bbox 684 402 712 445; x_wconf 91' lang='lat' dir='ltr'>de</span> <span class='ocrx_word' id='word_1_33' title='bbox 727 416 754 445; x_wconf 91' lang='lat' dir='ltr'>ea</span> <span class='ocrx_word' id='word_1_34' title='bbox 769 416 840 458; x_wconf 90' lang='lat' dir='ltr'>quarn</span> <span class='ocrx_word' id='word_1_35' title='bbox 855 402 883 444; x_wconf 91' lang='lat' dir='ltr'>de</span> 
     </span>
     <span class='ocr_line' id='line_1_5' title="bbox 39 479 883 538; baseline 0 -16"><span class='ocrx_word' id='word_1_36' title='bbox 39 479 123 524; x_wconf 88' lang='lat' dir='ltr'>iudicio</span> <span class='ocrx_word' id='word_1_37' title='bbox 143 482 270 525; x_wconf 91' lang='lat' dir='ltr'>secundum</span> <span class='ocrx_word' id='word_1_38' title='bbox 290 497 341 525; x_wconf 90' lang='lat' dir='ltr'>eam</span> <span class='ocrx_word' id='word_1_39' title='bbox 361 482 500 538; x_wconf 71' lang='lat' dir='ltr'>procedente</span> <span class='ocrx_word' id='word_1_40' title='bbox 520 481 586 524; x_wconf 78' lang='lat' dir='ltr'>facile</span> <span class='ocrx_word' id='word_1_41' title='bbox 606 483 697 538; x_wconf 90' lang='lat' dir='ltr'>poterat</span> <span class='ocrx_word' id='word_1_42' title='bbox 717 480 826 524; x_wconf 87' lang='lat' dir='ltr'>iudicare.</span> <span class='ocrx_word' id='word_1_43' title='bbox 856 481 883 523; x_wconf 88' lang='lat' dir='ltr'>In</span> 
     </span>
     <span class='ocr_line' id='line_1_6' title="bbox 39 558 884 617; baseline 0 -16"><span class='ocrx_word' id='word_1_44' title='bbox 39 560 146 611; x_wconf 90' lang='lat' dir='ltr'>secundo,</span> <span class='ocrx_word' id='word_1_45' title='bbox 158 560 201 603; x_wconf 91' lang='lat' dir='ltr'>etsi</span> <span class='ocrx_word' id='word_1_46' title='bbox 212 560 290 617; x_wconf 89' lang='lat' dir='ltr'>passio</span> <span class='ocrx_word' id='word_1_47' title='bbox 301 560 391 603; x_wconf 89' lang='lat' dir='ltr'>timoris</span> <span class='ocrx_word' id='word_1_48' title='bbox 402 560 436 603; x_wconf 89' lang='lat' dir='ltr'>ita</span> <span class='ocrx_word' id='word_1_49' title='bbox 447 558 564 605; x_wconf 89' lang='lat' dir='ltr'>Eulaliam</span> <span class='ocrx_word' id='word_1_50' title='bbox 575 559 691 604; x_wconf 87' lang='lat' dir='ltr'>invaserat</span> <span class='ocrx_word' id='word_1_51' title='bbox 703 562 729 602; x_wconf 94' lang='lat' dir='ltr'>ut</span> <span class='ocrx_word' id='word_1_52' title='bbox 741 559 824 603; x_wconf 79' lang='lat' dir='ltr'>falsam</span> <span class='ocrx_word' id='word_1_53' title='bbox 836 559 884 615; x_wconf 92' lang='lat' dir='ltr'>opi-</span> 
     </span>
     <span class='ocr_line' id='line_1_7' title="bbox 39 637 882 695; baseline 0 -15"><span class='ocrx_word' id='word_1_54' title='bbox 39 638 131 681; x_wconf 91' lang='lat' dir='ltr'>nionem</span> <span class='ocrx_word' id='word_1_55' title='bbox 143 637 167 680; x_wconf 91' lang='lat' dir='ltr'>in</span> <span class='ocrx_word' id='word_1_56' title='bbox 180 653 206 682; x_wconf 89' lang='lat' dir='ltr'>ea</span> <span class='ocrx_word' id='word_1_57' title='bbox 218 638 328 695; x_wconf 85' lang='lat' dir='ltr'>gigneret,</span> <span class='ocrx_word' id='word_1_58' title='bbox 342 642 373 690; x_wconf 87' lang='lat' dir='ltr'>at,</span> <span class='ocrx_word' id='word_1_59' title='bbox 388 653 441 682; x_wconf 92' lang='lat' dir='ltr'>cum</span> <span class='ocrx_word' id='word_1_60' title='bbox 456 638 553 682; x_wconf 89' lang='lat' dir='ltr'>fiduciae</span> <span class='ocrx_word' id='word_1_61' title='bbox 566 639 704 695; x_wconf 90' lang='lat' dir='ltr'>praeteritae</span> <span class='ocrx_word' id='word_1_62' title='bbox 716 652 803 681; x_wconf 90' lang='lat' dir='ltr'>memor</span> <span class='ocrx_word' id='word_1_63' title='bbox 816 641 882 689; x_wconf 78' lang='lat' dir='ltr'>esset,</span> 
     </span>
     <span class='ocr_line' id='line_1_8' title="bbox 40 716 883 774; baseline 0 -16"><span class='ocrx_word' id='word_1_64' title='bbox 40 716 123 773; x_wconf 89' lang='lat' dir='ltr'>potuit,</span> <span class='ocrx_word' id='word_1_65' title='bbox 146 731 174 759; x_wconf 82' lang='lat' dir='ltr'>ex</span> <span class='ocrx_word' id='word_1_66' title='bbox 195 717 259 774; x_wconf 88' lang='lat' dir='ltr'>apice</span> <span class='ocrx_word' id='word_1_67' title='bbox 280 717 372 768; x_wconf 91' lang='lat' dir='ltr'>mentis,</span> <span class='ocrx_word' id='word_1_68' title='bbox 394 717 561 761; x_wconf 84' lang='lat' dir='ltr'>relativitatem</span> <span class='ocrx_word' id='word_1_69' title='bbox 582 716 705 761; x_wconf 88' lang='lat' dir='ltr'>sensitivae</span> <span class='ocrx_word' id='word_1_70' title='bbox 726 716 883 773; x_wconf 90' lang='lat' dir='ltr'>dispositionis</span> 
     </span>
     <span class='ocr_line' id='line_1_9' title="bbox 42 795 882 852; baseline 0 -15"><span class='ocrx_word' id='word_1_71' title='bbox 42 809 162 852; x_wconf 73' lang='lat' dir='ltr'>agnoscere</span> <span class='ocrx_word' id='word_1_72' title='bbox 177 799 199 839; x_wconf 92' lang='lat' dir='ltr'>et</span> <span class='ocrx_word' id='word_1_73' title='bbox 215 796 245 839; x_wconf 93' lang='lat' dir='ltr'>ab</span> <span class='ocrx_word' id='word_1_74' title='bbox 259 811 286 839; x_wconf 92' lang='lat' dir='ltr'>ea</span> <span class='ocrx_word' id='word_1_75' title='bbox 298 795 427 847; x_wconf 83' lang='lat' dir='ltr'>dissentire,</span> <span class='ocrx_word' id='word_1_76' title='bbox 441 795 465 839; x_wconf 87' lang='lat' dir='ltr'>id</span> <span class='ocrx_word' id='word_1_77' title='bbox 478 799 513 839; x_wconf 90' lang='lat' dir='ltr'>est</span> <span class='ocrx_word' id='word_1_78' title='bbox 526 810 550 839; x_wconf 93' lang='lat' dir='ltr'>se</span> <span class='ocrx_word' id='word_1_79' title='bbox 563 810 590 839; x_wconf 85' lang='lat' dir='ltr'>ca</span> <span class='ocrx_word' id='word_1_80' title='bbox 602 810 691 847; x_wconf 83' lang='lat' dir='ltr'>exuere,</span> <span class='ocrx_word' id='word_1_81' title='bbox 706 795 767 851; x_wconf 93' lang='lat' dir='ltr'>quod</span> <span class='ocrx_word' id='word_1_82' title='bbox 781 796 810 839; x_wconf 77' lang='lat' dir='ltr'>a&#39;d</span> <span class='ocrx_word' id='word_1_83' title='bbox 824 795 882 837; x_wconf 90' lang='lat' dir='ltr'>iudi-</span> 
     </span>
     <span class='ocr_line' id='line_1_10' title="bbox 40 873 883 931; baseline 0 -15"><span class='ocrx_word' id='word_1_84' title='bbox 40 874 139 917; x_wconf 89' lang='lat' dir='ltr'>candum</span> <span class='ocrx_word' id='word_1_85' title='bbox 150 874 289 931; x_wconf 91' lang='lat' dir='ltr'>pertinebat.</span> <span class='ocrx_word' id='word_1_86' title='bbox 303 876 330 918; x_wconf 92' lang='lat' dir='ltr'>In</span> <span class='ocrx_word' id='word_1_87' title='bbox 341 875 410 918; x_wconf 86' lang='lat' dir='ltr'>tertio</span> <span class='ocrx_word' id='word_1_88' title='bbox 422 874 719 931; x_wconf 76' lang='lat' dir='ltr'>exemploChrysostomus</span> <span class='ocrx_word' id='word_1_89' title='bbox 730 874 779 931; x_wconf 89' lang='lat' dir='ltr'>ipse</span> <span class='ocrx_word' id='word_1_90' title='bbox 791 873 883 930; x_wconf 88' lang='lat' dir='ltr'>quidem</span> 
     </span>
     <span class='ocr_line' id='line_1_11' title="bbox 40 953 884 1010; baseline 0.001 -16"><span class='ocrx_word' id='word_1_91' title='bbox 40 966 159 1008; x_wconf 88' lang='lat' dir='ltr'>nunquam</span> <span class='ocrx_word' id='word_1_92' title='bbox 170 953 240 996; x_wconf 89' lang='lat' dir='ltr'>aliam</span> <span class='ocrx_word' id='word_1_93' title='bbox 250 953 426 1010; x_wconf 74' lang='lat' dir='ltr'>dispositionem</span> <span class='ocrx_word' id='word_1_94' title='bbox 436 953 571 1010; x_wconf 78' lang='lat' dir='ltr'>empiricam</span> <span class='ocrx_word' id='word_1_95' title='bbox 581 953 664 1004; x_wconf 86' lang='lat' dir='ltr'>induit,</span> <span class='ocrx_word' id='word_1_96' title='bbox 675 956 765 1010; x_wconf 90' lang='lat' dir='ltr'>praeter</span> <span class='ocrx_word' id='word_1_97' title='bbox 776 967 826 995; x_wconf 89' lang='lat' dir='ltr'>eam</span> <span class='ocrx_word' id='word_1_98' title='bbox 838 967 884 1008; x_wconf 92' lang='lat' dir='ltr'>qua</span> 
     </span>
     <span class='ocr_line' id='line_1_12' title="bbox 40 1031 882 1089; baseline -0.001 -16"><span class='ocrx_word' id='word_1_99' title='bbox 40 1031 180 1087; x_wconf 71' lang='lat' dir='ltr'>opinabatur</span> <span class='ocrx_word' id='word_1_100' title='bbox 199 1045 252 1074; x_wconf 91' lang='lat' dir='ltr'>cum</span> <span class='ocrx_word' id='word_1_101' title='bbox 271 1034 443 1083; x_wconf 75' lang='lat' dir='ltr'>Bonaventura</span> <span class='ocrx_word' id='word_1_102' title='bbox 471 1032 511 1075; x_wconf 92' lang='lat' dir='ltr'>sed</span> <span class='ocrx_word' id='word_1_103' title='bbox 531 1032 637 1089; x_wconf 84' lang='lat' dir='ltr'>exemplo</span> <span class='ocrx_word' id='word_1_104' title='bbox 658 1032 749 1075; x_wconf 85' lang='lat' dir='ltr'>loannis</span> <span class='ocrx_word' id='word_1_105' title='bbox 769 1031 882 1075; x_wconf 69' lang='lat' dir='ltr'>intellexit</span> 
     </span>
     <span class='ocr_line' id='line_1_13' title="bbox 41 1109 882 1167; baseline 0 -16"><span class='ocrx_word' id='word_1_106' title='bbox 41 1109 157 1153; x_wconf 87' lang='lat' dir='ltr'>hominem</span> <span class='ocrx_word' id='word_1_107' title='bbox 170 1110 236 1153; x_wconf 89' lang='lat' dir='ltr'>aliter</span> <span class='ocrx_word' id='word_1_108' title='bbox 248 1110 355 1167; x_wconf 86' lang='lat' dir='ltr'>empirice</span> <span class='ocrx_word' id='word_1_109' title='bbox 368 1110 507 1167; x_wconf 90' lang='lat' dir='ltr'>dispositum</span> <span class='ocrx_word' id='word_1_110' title='bbox 519 1111 600 1154; x_wconf 88' lang='lat' dir='ltr'>eadem</span> <span class='ocrx_word' id='word_1_111' title='bbox 612 1124 665 1153; x_wconf 89' lang='lat' dir='ltr'>cum</span> <span class='ocrx_word' id='word_1_112' title='bbox 677 1109 882 1160; x_wconf 84' lang='lat' dir='ltr'>verisimilitudine,</span> 
     </span>
     <span class='ocr_line' id='line_1_14' title="bbox 42 1188 882 1246; baseline 0.001 -16"><span class='ocrx_word' id='word_1_113' title='bbox 42 1188 122 1231; x_wconf 90' lang='lat' dir='ltr'>eodem</span> <span class='ocrx_word' id='word_1_114' title='bbox 136 1188 206 1231; x_wconf 90' lang='lat' dir='ltr'>anirni</span> <span class='ocrx_word' id='word_1_115' title='bbox 219 1190 324 1241; x_wconf 81' lang='lat' dir='ltr'>candore,</span> <span class='ocrx_word' id='word_1_116' title='bbox 340 1189 443 1232; x_wconf 87' lang='lat' dir='ltr'>Thomae</span> <span class='ocrx_word' id='word_1_117' title='bbox 456 1189 595 1243; x_wconf 75' lang='lat' dir='ltr'>sententiam</span> <span class='ocrx_word' id='word_1_118' title='bbox 608 1203 675 1246; x_wconf 90' lang='lat' dir='ltr'>posse</span> <span class='ocrx_word' id='word_1_119' title='bbox 688 1189 753 1244; x_wconf 88' lang='lat' dir='ltr'>sequi</span> <span class='ocrx_word' id='word_1_120' title='bbox 768 1202 772 1232; x_wconf 80' lang='lat' dir='ltr'>z</span> <span class='ocrx_word' id='word_1_121' title='bbox 786 1188 882 1232; x_wconf 71' lang='lat' dir='ltr'>ratiotio-</span> 
     </span>
     <span class='ocr_line' id='line_1_15' title="bbox 42 1266 883 1323; baseline -0.001 -14"><span class='ocrx_word' id='word_1_122' title='bbox 42 1266 113 1309; x_wconf 64' lang='lat' dir='ltr'>bruta</span> <span class='ocrx_word' id='word_1_123' title='bbox 133 1267 212 1322; x_wconf 91' lang='lat' dir='ltr'>itaque</span> <span class='ocrx_word' id='word_1_124' title='bbox 236 1267 308 1311; x_wconf 72' lang='lat' dir='ltr'>uolitet</span> <span class='ocrx_word' id='word_1_125' title='bbox 328 1267 469 1310; x_wconf 84' lang='lat' dir='ltr'>sententiam</span> <span class='ocrx_word' id='word_1_126' title='bbox 491 1281 557 1310; x_wconf 90' lang='lat' dir='ltr'>suam</span> <span class='ocrx_word' id='word_1_127' title='bbox 579 1270 693 1323; x_wconf 83' lang='lat' dir='ltr'>tanquam</span> <span class='ocrx_word' id='word_1_128' title='bbox 715 1267 781 1310; x_wconf 90' lang='lat' dir='ltr'>unice</span> <span class='ocrx_word' id='word_1_129' title='bbox 803 1280 883 1311; x_wconf 89' lang='lat' dir='ltr'>veram</span> 
     </span>
    </p>

    <p class='ocr_par' dir='ltr' id='par_1_4' title="bbox 21 1344 884 1626">
     <span class='ocr_line' id='line_1_16' title="bbox 21 1344 883 1403; baseline 0.001 -17"><span class='ocrx_word' id='word_1_130' title='bbox 21 1390 23 1393; x_wconf 12' lang='grc' dir='ltr'><em>Α</em></span> <span class='ocrx_word' id='word_1_131' title='bbox 40 1344 139 1401; x_wconf 86' lang='lat' dir='ltr'>practice</span> <span class='ocrx_word' id='word_1_132' title='bbox 155 1345 252 1396; x_wconf 74' lang='lat' dir='ltr'>habere,</span> <span class='ocrx_word' id='word_1_133' title='bbox 262 1346 286 1388; x_wconf 93' lang='lat' dir='ltr'>id</span> <span class='ocrx_word' id='word_1_134' title='bbox 301 1349 336 1389; x_wconf 87' lang='lat' dir='ltr'>est</span> <span class='ocrx_word' id='word_1_135' title='bbox 352 1346 474 1403; x_wconf 90' lang='lat' dir='ltr'>oppositae</span> <span class='ocrx_word' id='word_1_136' title='bbox 489 1345 679 1402; x_wconf 78' lang='lat' dir='ltr'>probabilitatem</span> <span class='ocrx_word' id='word_1_137' title='bbox 695 1345 795 1402; x_wconf 70' lang='lat' dir='ltr'>agnovit,</span> <span class='ocrx_word' id='word_1_138' title='bbox 812 1371 841 1377; x_wconf 87' lang='lat'>—-</span> <span class='ocrx_word' id='word_1_139' title='bbox 856 1346 883 1388; x_wconf 89' lang='lat' dir='ltr'>ln</span> 
     </span>
     <span class='ocr_line' id='line_1_17' title="bbox 41 1422 883 1481; baseline 0.001 -16"><span class='ocrx_word' id='word_1_140' title='bbox 41 1423 76 1466; x_wconf 89' lang='lat' dir='ltr'>his</span> <span class='ocrx_word' id='word_1_141' title='bbox 94 1422 163 1479; x_wconf 89' lang='lat' dir='ltr'>igitur</span> <span class='ocrx_word' id='word_1_142' title='bbox 181 1427 203 1467; x_wconf 93' lang='lat' dir='ltr'>et</span> <span class='ocrx_word' id='word_1_143' title='bbox 222 1423 334 1467; x_wconf 88' lang='lat' dir='ltr'>similibus</span> <span class='ocrx_word' id='word_1_144' title='bbox 354 1423 472 1481; x_wconf 85' lang='lat' dir='ltr'>exemplis,</span> <span class='ocrx_word' id='word_1_145' title='bbox 492 1424 562 1467; x_wconf 90' lang='lat' dir='ltr'>homo</span> <span class='ocrx_word' id='word_1_146' title='bbox 580 1424 646 1467; x_wconf 87' lang='lat' dir='ltr'>iacile</span> <span class='ocrx_word' id='word_1_147' title='bbox 665 1439 679 1467; x_wconf 93' lang='lat' dir='ltr'>a</span> <span class='ocrx_word' id='word_1_148' title='bbox 696 1423 883 1481; x_wconf 88' lang='lat' dir='ltr'>dispositionibus</span> 
     </span>
     <span class='ocr_line' id='line_1_18' title="bbox 42 1485 884 1560; baseline -0.001 -15"><span class='ocrx_word' id='word_1_149' title='bbox 42 1501 154 1558; x_wconf 87' lang='lat' dir='ltr'>empiricis</span> <span class='ocrx_word' id='word_1_150' title='bbox 172 1503 294 1554; x_wconf 86' lang='lat' dir='ltr'>abstrahit,</span> <span class='ocrx_word' id='word_1_151' title='bbox 312 1503 428 1560; x_wconf 87' lang='lat' dir='ltr'>libereque</span> <span class='ocrx_word' id='word_1_152' title='bbox 445 1502 505 1548; x_wconf 88' lang='lat' dir='ltr'>inter</span> <span class='ocrx_word' id='word_1_153' title='bbox 522 1517 560 1546; x_wconf 90' lang='lat' dir='ltr'>eas</span> <span class='ocrx_word' id='word_1_154' title='bbox 577 1503 647 1559; x_wconf 83' lang='lat' dir='ltr'>eligit,</span> <span class='ocrx_word' id='word_1_155' title='bbox 666 1517 723 1559; x_wconf 92' lang='lat' dir='ltr'>quas</span> <span class='ocrx_word' id='word_1_156' title='bbox 740 1485 852 1546; x_wconf 81' lang='lat' dir='ltr'>invenerit</span> <span class='ocrx_word' id='word_1_157' title='bbox 871 1517 884 1545; x_wconf 89' lang='lat' dir='ltr'>a</span> 
     </span>
     <span class='ocr_line' id='line_1_19' title="bbox 43 1580 440 1626; baseline -0.003 -1"><span class='ocrx_word' id='word_1_158' title='bbox 43 1580 144 1625; x_wconf 84' lang='lat' dir='ltr'>Veritate</span> <span class='ocrx_word' id='word_1_159' title='bbox 159 1580 241 1623; x_wconf 90' lang='lat' dir='ltr'>morali</span> <span class='ocrx_word' id='word_1_160' title='bbox 256 1595 304 1624; x_wconf 87' lang='lat' dir='ltr'>non</span> <span class='ocrx_word' id='word_1_161' title='bbox 320 1581 440 1626; x_wconf 89' lang='lat' dir='ltr'>abducere.</span> 
     </span>
    </p>

    <p class='ocr_par' dir='ltr' id='par_1_5' title="bbox 41 1658 923 2735">
     <span class='ocr_line' id='line_1_20' title="bbox 72 1658 884 1718; baseline 0 -17"><span class='ocrx_word' id='word_1_162' title='bbox 72 1658 169 1716; x_wconf 72' lang='lat' dir='ltr'>Quodsi</span> <span class='ocrx_word' id='word_1_163' title='bbox 182 1674 229 1718; x_wconf 91' lang='lat' dir='ltr'>qua</span> <span class='ocrx_word' id='word_1_164' title='bbox 240 1659 361 1716; x_wconf 84' lang='lat' dir='ltr'>dispositio</span> <span class='ocrx_word' id='word_1_165' title='bbox 374 1659 484 1717; x_wconf 85' lang='lat' dir='ltr'>empirica</span> <span class='ocrx_word' id='word_1_166' title='bbox 495 1660 549 1702; x_wconf 87' lang='lat' dir='ltr'>talis</span> <span class='ocrx_word' id='word_1_167' title='bbox 562 1663 628 1711; x_wconf 89' lang='lat' dir='ltr'>esset,</span> <span class='ocrx_word' id='word_1_168' title='bbox 642 1664 668 1702; x_wconf 94' lang='lat' dir='ltr'>ut</span> <span class='ocrx_word' id='word_1_169' title='bbox 682 1674 696 1703; x_wconf 89' lang='lat' dir='ltr'>a</span> <span class='ocrx_word' id='word_1_170' title='bbox 708 1659 777 1716; x_wconf 88' lang='lat' dir='ltr'>priori</span> <span class='ocrx_word' id='word_1_171' title='bbox 789 1659 884 1702; x_wconf 90' lang='lat' dir='ltr'>sciretur</span> 
     </span>
     <span class='ocr_line' id='line_1_21' title="bbox 42 1737 882 1795; baseline 0.001 -15"><span class='ocrx_word' id='word_1_172' title='bbox 42 1738 71 1780; x_wconf 85' lang='lat' dir='ltr'>ad</span> <span class='ocrx_word' id='word_1_173' title='bbox 85 1737 211 1781; x_wconf 88' lang='lat' dir='ltr'>Veritatem</span> <span class='ocrx_word' id='word_1_174' title='bbox 225 1738 336 1781; x_wconf 89' lang='lat' dir='ltr'>moralem</span> <span class='ocrx_word' id='word_1_175' title='bbox 349 1738 465 1789; x_wconf 84' lang='lat' dir='ltr'>inclinare,</span> <span class='ocrx_word' id='word_1_176' title='bbox 480 1738 551 1781; x_wconf 91' lang='lat' dir='ltr'>idest</span> <span class='ocrx_word' id='word_1_177' title='bbox 565 1738 599 1782; x_wconf 91' lang='lat' dir='ltr'>ita</span> <span class='ocrx_word' id='word_1_178' title='bbox 611 1738 741 1782; x_wconf 88' lang='lat' dir='ltr'>subiectum</span> <span class='ocrx_word' id='word_1_179' title='bbox 755 1738 882 1795; x_wconf 88' lang='lat' dir='ltr'>disponere,</span> 
     </span>
     <span class='ocr_line' id='line_1_22' title="bbox 42 1816 884 1871; baseline 0.001 -13"><span class='ocrx_word' id='word_1_180' title='bbox 42 1819 68 1858; x_wconf 93' lang='lat' dir='ltr'>ut</span> <span class='ocrx_word' id='word_1_181' title='bbox 86 1816 152 1871; x_wconf 87' lang='lat' dir='ltr'>quasi</span> <span class='ocrx_word' id='word_1_182' title='bbox 169 1817 271 1871; x_wconf 91' lang='lat' dir='ltr'>quodam</span> <span class='ocrx_word' id='word_1_183' title='bbox 288 1816 401 1860; x_wconf 89' lang='lat' dir='ltr'>instinctu</span> <span class='ocrx_word' id='word_1_184' title='bbox 417 1817 544 1860; x_wconf 87' lang='lat' dir='ltr'>secundum</span> <span class='ocrx_word' id='word_1_185' title='bbox 561 1817 673 1860; x_wconf 84' lang='lat' dir='ltr'>virtutem</span> <span class='ocrx_word' id='word_1_186' title='bbox 691 1817 810 1869; x_wconf 89' lang='lat' dir='ltr'>iudicaret,</span> <span class='ocrx_word' id='word_1_187' title='bbox 828 1819 884 1859; x_wconf 91' lang='lat' dir='ltr'>tunc</span> 
     </span>
     <span class='ocr_line' id='line_1_23' title="bbox 41 1893 883 1952; baseline 0.001 -16"><span class='ocrx_word' id='word_1_188' title='bbox 41 1907 88 1936; x_wconf 91' lang='lat' dir='ltr'>non</span> <span class='ocrx_word' id='word_1_189' title='bbox 100 1893 172 1950; x_wconf 85' lang='lat' dir='ltr'>magis</span> <span class='ocrx_word' id='word_1_190' title='bbox 185 1895 278 1939; x_wconf 80' lang='lat' dir='ltr'>liceret1</span> <span class='ocrx_word' id='word_1_191' title='bbox 291 1909 318 1938; x_wconf 91' lang='lat' dir='ltr'>ea</span> <span class='ocrx_word' id='word_1_192' title='bbox 330 1910 354 1938; x_wconf 91' lang='lat' dir='ltr'>se</span> <span class='ocrx_word' id='word_1_193' title='bbox 367 1909 456 1946; x_wconf 79' lang='lat' dir='ltr'>exuere,</span> <span class='ocrx_word' id='word_1_194' title='bbox 472 1909 542 1951; x_wconf 91' lang='lat' dir='ltr'>quam</span> <span class='ocrx_word' id='word_1_195' title='bbox 554 1895 629 1946; x_wconf 88' lang='lat' dir='ltr'>liceat,</span> <span class='ocrx_word' id='word_1_196' title='bbox 643 1895 801 1952; x_wconf 87' lang='lat' dir='ltr'>potentiarum</span> <span class='ocrx_word' id='word_1_197' title='bbox 814 1895 883 1938; x_wconf 93' lang='lat' dir='ltr'>sensi-</span> 
     </span>
     <span class='ocr_line' id='line_1_24' title="bbox 41 1972 885 2030; baseline 0.002 -16"><span class='ocrx_word' id='word_1_198' title='bbox 41 1972 143 2015; x_wconf 88' lang='lat' dir='ltr'>tivarum</span> <span class='ocrx_word' id='word_1_199' title='bbox 164 1973 299 2029; x_wconf 88' lang='lat' dir='ltr'>aequilibrio</span> <span class='ocrx_word' id='word_1_200' title='bbox 321 1974 423 2025; x_wconf 81' lang='lat' dir='ltr'>dimisso,</span> <span class='ocrx_word' id='word_1_201' title='bbox 445 1974 576 2030; x_wconf 90' lang='lat' dir='ltr'>passionem</span> <span class='ocrx_word' id='word_1_202' title='bbox 598 1974 707 2017; x_wconf 85' lang='lat' dir='ltr'>vitiosam</span> <span class='ocrx_word' id='word_1_203' title='bbox 728 1974 885 2029; x_wconf 88' lang='lat' dir='ltr'>iudiciumque</span> 
     </span>
     <span class='ocr_line' id='line_1_25' title="bbox 41 2051 885 2109; baseline 0.002 -16"><span class='ocrx_word' id='word_1_204' title='bbox 41 2051 167 2094; x_wconf 88' lang='lat' dir='ltr'>secundum</span> <span class='ocrx_word' id='word_1_205' title='bbox 179 2065 230 2094; x_wconf 87' lang='lat' dir='ltr'>eam</span> <span class='ocrx_word' id='word_1_206' title='bbox 242 2053 367 2108; x_wconf 90' lang='lat' dir='ltr'>procedens</span> <span class='ocrx_word' id='word_1_207' title='bbox 380 2052 468 2109; x_wconf 81' lang='lat' dir='ltr'>eligere.</span> <span class='ocrx_word' id='word_1_208' title='bbox 487 2053 531 2096; x_wconf 88' lang='lat' dir='ltr'>Sed</span> <span class='ocrx_word' id='word_1_209' title='bbox 546 2053 715 2096; x_wconf 89' lang='lat' dir='ltr'>advertendum</span> <span class='ocrx_word' id='word_1_210' title='bbox 731 2056 772 2104; x_wconf 89' lang='lat' dir='ltr'>est,</span> <span class='ocrx_word' id='word_1_211' title='bbox 789 2052 813 2094; x_wconf 96' lang='lat' dir='ltr'>in</span> <span class='ocrx_word' id='word_1_212' title='bbox 828 2051 885 2095; x_wconf 89' lang='lat' dir='ltr'>elec-</span> 
     </span>
     <span class='ocr_line' id='line_1_26' title="bbox 41 2129 885 2188; baseline 0.002 -17"><span class='ocrx_word' id='word_1_213' title='bbox 41 2129 103 2172; x_wconf 89' lang='lat' dir='ltr'>tione</span> <span class='ocrx_word' id='word_1_214' title='bbox 117 2129 194 2172; x_wconf 90' lang='lat' dir='ltr'>iudicii</span> <span class='ocrx_word' id='word_1_215' title='bbox 203 2130 352 2175; x_wconf 70' lang='lat' dir='ltr'>conformiter</span> <span class='ocrx_word' id='word_1_216' title='bbox 362 2131 391 2173; x_wconf 94' lang='lat' dir='ltr'>ad</span> <span class='ocrx_word' id='word_1_217' title='bbox 405 2131 477 2173; x_wconf 87' lang='lat' dir='ltr'>talem</span> <span class='ocrx_word' id='word_1_218' title='bbox 488 2131 663 2188; x_wconf 87' lang='lat' dir='ltr'>dispositionem</span> <span class='ocrx_word' id='word_1_219' title='bbox 676 2131 798 2182; x_wconf 74' lang='lat' dir='ltr'>factamon</span> <span class='ocrx_word' id='word_1_220' title='bbox 812 2131 885 2174; x_wconf 90' lang='lat' dir='ltr'>inesse</span> 
     </span>
     <span class='ocr_line' id='line_1_27' title="bbox 41 2207 886 2266; baseline 0.001 -16"><span class='ocrx_word' id='word_1_221' title='bbox 41 2207 228 2252; x_wconf 88' lang='lat' dir='ltr'>incertitudinem</span> <span class='ocrx_word' id='word_1_222' title='bbox 242 2209 422 2266; x_wconf 89' lang='lat' dir='ltr'>probabilitatis.</span> <span class='ocrx_word' id='word_1_223' title='bbox 439 2210 481 2252; x_wconf 87' lang='lat' dir='ltr'>Est</span> <span class='ocrx_word' id='word_1_224' title='bbox 497 2210 557 2252; x_wconf 92' lang='lat' dir='ltr'>enim</span> <span class='ocrx_word' id='word_1_225' title='bbox 572 2209 704 2253; x_wconf 90' lang='lat' dir='ltr'>huiusmodi</span> <span class='ocrx_word' id='word_1_226' title='bbox 718 2209 846 2266; x_wconf 87' lang='lat' dir='ltr'>dispositio,</span> <span class='ocrx_word' id='word_1_227' title='bbox 861 2209 886 2251; x_wconf 86' lang='lat' dir='ltr'>in</span> 
     </span>
     <span class='ocr_line' id='line_1_28' title="bbox 42 2287 885 2345; baseline 0.002 -17"><span class='ocrx_word' id='word_1_228' title='bbox 42 2289 155 2345; x_wconf 86' lang='lat' dir='ltr'>quantum</span> <span class='ocrx_word' id='word_1_229' title='bbox 175 2287 204 2330; x_wconf 89' lang='lat' dir='ltr'>ad</span> <span class='ocrx_word' id='word_1_230' title='bbox 222 2287 335 2332; x_wconf 88' lang='lat' dir='ltr'>virtutem</span> <span class='ocrx_word' id='word_1_231' title='bbox 353 2287 455 2331; x_wconf 80' lang='lat' dir='ltr'>infusam</span> <span class='ocrx_word' id='word_1_232' title='bbox 473 2288 580 2344; x_wconf 87' lang='lat' dir='ltr'>pertinet,</span> <span class='ocrx_word' id='word_1_233' title='bbox 600 2303 614 2331; x_wconf 92' lang='lat' dir='ltr'>a</span> <span class='ocrx_word' id='word_1_234' title='bbox 632 2288 706 2345; x_wconf 84' lang='lat' dir='ltr'>gratia</span> <span class='ocrx_word' id='word_1_235' title='bbox 723 2288 842 2345; x_wconf 86' lang='lat' dir='ltr'>impressa,</span> <span class='ocrx_word' id='word_1_236' title='bbox 861 2287 885 2330; x_wconf 93' lang='lat' dir='ltr'>in</span> 
     </span>
     <span class='ocr_line' id='line_1_29' title="bbox 42 2366 885 2423; baseline 0.002 -16"><span class='ocrx_word' id='word_1_237' title='bbox 42 2368 156 2421; x_wconf 89' lang='lat' dir='ltr'>quantum</span> <span class='ocrx_word' id='word_1_238' title='bbox 165 2379 219 2411; x_wconf 86' lang='lat' dir='ltr'>vero</span> <span class='ocrx_word' id='word_1_239' title='bbox 229 2367 259 2409; x_wconf 92' lang='lat' dir='ltr'>ad</span> <span class='ocrx_word' id='word_1_240' title='bbox 267 2366 381 2410; x_wconf 85' lang='lat' dir='ltr'>virtutem</span> <span class='ocrx_word' id='word_1_241' title='bbox 390 2366 529 2423; x_wconf 87' lang='lat' dir='ltr'>acquisitam</span> <span class='ocrx_word' id='word_1_242' title='bbox 538 2367 645 2423; x_wconf 87' lang='lat' dir='ltr'>pertinet,</span> <span class='ocrx_word' id='word_1_243' title='bbox 656 2381 670 2410; x_wconf 87' lang='lat' dir='ltr'>a</span> <span class='ocrx_word' id='word_1_244' title='bbox 678 2366 773 2412; x_wconf 76' lang='lat' dir='ltr'>ratione,</span> <span class='ocrx_word' id='word_1_245' title='bbox 784 2368 885 2422; x_wconf 77' lang='lat' dir='ltr'>ideoque</span> 
     </span>
     <span class='ocr_line' id='line_1_30' title="bbox 41 2443 886 2502; baseline 0.002 -17"><span class='ocrx_word' id='word_1_246' title='bbox 41 2443 161 2500; x_wconf 89' lang='lat' dir='ltr'>dispositio</span> <span class='ocrx_word' id='word_1_247' title='bbox 172 2445 284 2488; x_wconf 90' lang='lat' dir='ltr'>sensitiva</span> <span class='ocrx_word' id='word_1_248' title='bbox 294 2445 331 2488; x_wconf 88' lang='lat' dir='ltr'>hic</span> <span class='ocrx_word' id='word_1_249' title='bbox 342 2459 388 2487; x_wconf 92' lang='lat' dir='ltr'>non</span> <span class='ocrx_word' id='word_1_250' title='bbox 399 2448 434 2488; x_wconf 90' lang='lat' dir='ltr'>est</span> <span class='ocrx_word' id='word_1_251' title='bbox 445 2448 472 2488; x_wconf 90' lang='lat' dir='ltr'>ut</span> <span class='ocrx_word' id='word_1_252' title='bbox 483 2445 617 2502; x_wconf 86' lang='lat' dir='ltr'>simpliciter</span> <span class='ocrx_word' id='word_1_253' title='bbox 627 2446 764 2502; x_wconf 89' lang='lat' dir='ltr'>praecedens</span> <span class='ocrx_word' id='word_1_254' title='bbox 775 2445 886 2489; x_wconf 89' lang='lat' dir='ltr'>iudicium</span> 
     </span>
     <span class='ocr_line' id='line_1_31' title="bbox 41 2522 886 2581; baseline 0.002 -18"><span class='ocrx_word' id='word_1_255' title='bbox 41 2522 136 2564; x_wconf 89' lang='lat' dir='ltr'>rationis</span> <span class='ocrx_word' id='word_1_256' title='bbox 153 2522 222 2578; x_wconf 88' lang='lat' dir='ltr'>(unde</span> <span class='ocrx_word' id='word_1_257' title='bbox 237 2523 316 2568; x_wconf 86' lang='lat' dir='ltr'>haberi</span> <span class='ocrx_word' id='word_1_258' title='bbox 330 2524 388 2568; x_wconf 89' lang='lat' dir='ltr'>solet</span> <span class='ocrx_word' id='word_1_259' title='bbox 404 2524 466 2579; x_wconf 87' lang='lat' dir='ltr'>quod</span> <span class='ocrx_word' id='word_1_260' title='bbox 481 2524 554 2580; x_wconf 88' lang='lat' dir='ltr'>possit</span> <span class='ocrx_word' id='word_1_261' title='bbox 568 2523 626 2567; x_wconf 92' lang='lat' dir='ltr'>illud</span> <span class='ocrx_word' id='word_1_262' title='bbox 640 2527 776 2581; x_wconf 82' lang='lat' dir='ltr'>pervertere,</span> <span class='ocrx_word' id='word_1_263' title='bbox 792 2524 886 2567; x_wconf 89' lang='lat' dir='ltr'>animali</span> 
     </span>
     <span class='ocr_line' id='line_1_32' title="bbox 42 2592 923 2659; baseline 0.002 -16"><span class='ocrx_word' id='word_1_264' title='bbox 42 2600 143 2656; x_wconf 92' lang='lat' dir='ltr'>quadarn</span> <span class='ocrx_word' id='word_1_265' title='bbox 156 2603 179 2643; x_wconf 92' lang='lat' dir='ltr'>et</span> <span class='ocrx_word' id='word_1_266' title='bbox 192 2601 314 2659; x_wconf 87' lang='lat' dir='ltr'>praecipiti</span> <span class='ocrx_word' id='word_1_267' title='bbox 327 2602 466 2645; x_wconf 87' lang='lat' dir='ltr'>attractione</span> <span class='ocrx_word' id='word_1_268' title='bbox 479 2602 577 2646; x_wconf 89' lang='lat' dir='ltr'>subiecti</span> <span class='ocrx_word' id='word_1_269' title='bbox 589 2602 723 2659; x_wconf 85' lang='lat' dir='ltr'>opinantis),</span> <span class='ocrx_word' id='word_1_270' title='bbox 736 2602 776 2646; x_wconf 92' lang='lat' dir='ltr'>sed</span> <span class='ocrx_word' id='word_1_271' title='bbox 789 2606 815 2645; x_wconf 95' lang='lat' dir='ltr'>ut</span> <span class='ocrx_word' id='word_1_272' title='bbox 828 2602 886 2645; x_wconf 94' lang='lat' dir='ltr'>illud</span> <span class='ocrx_word' id='word_1_273' title='bbox 922 2592 923 2596; x_wconf 25' lang='lat'>¹</span> 
     </span>
     <span class='ocr_line' id='line_1_33' title="bbox 41 2680 886 2735; baseline 0.002 -14"><span class='ocrx_word' id='word_1_274' title='bbox 41 2692 188 2735; x_wconf 85' lang='lat' dir='ltr'>consequens,</span> <span class='ocrx_word' id='word_1_275' title='bbox 200 2706 230 2711; x_wconf 85' lang='lat'>-</span> <span class='ocrx_word' id='word_1_276' title='bbox 239 2694 286 2723; x_wconf 93' lang='lat' dir='ltr'>non</span> <span class='ocrx_word' id='word_1_277' title='bbox 296 2681 371 2723; x_wconf 89' lang='lat' dir='ltr'>solum</span> <span class='ocrx_word' id='word_1_278' title='bbox 382 2684 408 2723; x_wconf 95' lang='lat' dir='ltr'>ut</span> <span class='ocrx_word' id='word_1_279' title='bbox 420 2680 521 2723; x_wconf 90' lang='lat' dir='ltr'>alliciens</span> <span class='ocrx_word' id='word_1_280' title='bbox 533 2681 562 2723; x_wconf 90' lang='lat' dir='ltr'>ad</span> <span class='ocrx_word' id='word_1_281' title='bbox 573 2681 729 2731; x_wconf 86' lang='lat' dir='ltr'>iudicandum,</span> <span class='ocrx_word' id='word_1_282' title='bbox 740 2681 780 2724; x_wconf 86' lang='lat' dir='ltr'>sed</span> <span class='ocrx_word' id='word_1_283' title='bbox 791 2684 817 2724; x_wconf 91' lang='lat' dir='ltr'>ut</span> <span class='ocrx_word' id='word_1_284' title='bbox 828 2680 886 2723; x_wconf 91' lang='lat' dir='ltr'>iudi-</span> 
     </span>
    </p>
   </div>
   <div class='ocr_carea' id='block_1_4' title="bbox 42 2758 886 2817">
    <p class='ocr_par' dir='ltr' id='par_1_6' title="bbox 42 2758 886 2817">
     <span class='ocr_line' id='line_1_34' title="bbox 42 2758 886 2817; baseline 0.001 -17"><span class='ocrx_word' id='word_1_285' title='bbox 42 2761 101 2808; x_wconf 89' lang='lat' dir='ltr'>cata,</span> <span class='ocrx_word' id='word_1_286' title='bbox 116 2758 237 2801; x_wconf 89' lang='lat' dir='ltr'>etidcirco</span> <span class='ocrx_word' id='word_1_287' title='bbox 252 2762 278 2802; x_wconf 92' lang='lat' dir='ltr'>ut</span> <span class='ocrx_word' id='word_1_288' title='bbox 293 2759 390 2802; x_wconf 87' lang='lat' dir='ltr'>scienter</span> <span class='ocrx_word' id='word_1_289' title='bbox 405 2763 427 2802; x_wconf 91' lang='lat' dir='ltr'>et</span> <span class='ocrx_word' id='word_1_290' title='bbox 442 2759 490 2802; x_wconf 89' lang='lat' dir='ltr'>iure</span> <span class='ocrx_word' id='word_1_291' title='bbox 507 2759 558 2815; x_wconf 89' lang='lat' dir='ltr'>(etsi</span> <span class='ocrx_word' id='word_1_292' title='bbox 572 2759 731 2816; x_wconf 81' lang='lat' dir='ltr'>liabitualiter)</span> <span class='ocrx_word' id='word_1_293' title='bbox 746 2759 826 2803; x_wconf 85' lang='lat' dir='ltr'>volita.</span> <span class='ocrx_word' id='word_1_294' title='bbox 843 2759 886 2817; x_wconf 76' lang='lat' dir='ltr'>Qui</span> 
     </span>
    </p>
   </div>
   <div class='ocr_carea' id='block_1_5' title="bbox 43 2955 886 3057">
    <p class='ocr_par' dir='ltr' id='par_1_7' title="bbox 43 2955 886 3057">
     <span class='ocr_line' id='line_1_35' title="bbox 67 2955 886 3001; baseline 0.004 -15"><span class='ocrx_word' id='word_1_295' title='bbox 67 2966 81 2988; x_wconf 91' lang='lat' dir='ltr'>r.</span> <span class='ocrx_word' id='word_1_296' title='bbox 96 2955 172 2998; x_wconf 87' lang='lat' dir='ltr'>Semper</span> <span class='ocrx_word' id='word_1_297' title='bbox 179 2958 244 2988; x_wconf 87' lang='lat' dir='ltr'>tamen</span> <span class='ocrx_word' id='word_1_298' title='bbox 253 2957 346 2999; x_wconf 85' lang='lat' dir='ltr'>distingue</span> <span class='ocrx_word' id='word_1_299' title='bbox 355 2957 427 2990; x_wconf 87' lang='lat' dir='ltr'>licitum</span> <span class='ocrx_word' id='word_1_300' title='bbox 436 2967 447 2989; x_wconf 87' lang='lat' dir='ltr'>a</span> <span class='ocrx_word' id='word_1_301' title='bbox 456 2958 517 2989; x_wconf 86' lang='lat' dir='ltr'>minus</span> <span class='ocrx_word' id='word_1_302' title='bbox 526 2958 615 3001; x_wconf 73' lang='lat' dir='ltr'>perfeeto,</span> <span class='ocrx_word' id='word_1_303' title='bbox 625 2959 668 2990; x_wconf 87' lang='lat' dir='ltr'>Non</span> <span class='ocrx_word' id='word_1_304' title='bbox 676 2960 741 3001; x_wconf 88' lang='lat' dir='ltr'>peccat</span> <span class='ocrx_word' id='word_1_305' title='bbox 751 2959 806 2990; x_wconf 89' lang='lat' dir='ltr'>homo</span> <span class='ocrx_word' id='word_1_306' title='bbox 816 2958 886 2991; x_wconf 86' lang='lat' dir='ltr'>virtute</span> 
     </span>
     <span class='ocr_line' id='line_1_36' title="bbox 43 3012 885 3057; baseline 0.004 -14"><span class='ocrx_word' id='word_1_307' title='bbox 43 3012 137 3055; x_wconf 89' lang='lat' dir='ltr'>praeditus</span> <span class='ocrx_word' id='word_1_308' title='bbox 152 3013 306 3056; x_wconf 86' lang='lat' dir='ltr'>quotiescumque</span> <span class='ocrx_word' id='word_1_309' title='bbox 320 3024 358 3045; x_wconf 87' lang='lat' dir='ltr'>non</span> <span class='ocrx_word' id='word_1_310' title='bbox 371 3014 475 3045; x_wconf 85' lang='lat' dir='ltr'>secundum</span> <span class='ocrx_word' id='word_1_311' title='bbox 488 3015 550 3045; x_wconf 86' lang='lat' dir='ltr'>totam</span> <span class='ocrx_word' id='word_1_312' title='bbox 564 3014 688 3046; x_wconf 88' lang='lat' dir='ltr'>intensionem</span> <span class='ocrx_word' id='word_1_313' title='bbox 702 3014 778 3046; x_wconf 88' lang='lat' dir='ltr'>virtutis</span> <span class='ocrx_word' id='word_1_314' title='bbox 791 3016 885 3057; x_wconf 85' lang='lat' dir='ltr'>operatur.</span> 
     </span>
    </p>
   </div>
   <div class='ocr_carea' id='block_1_6' title="bbox 0 0 983 3333">
    <p class='ocr_par' dir='ltr' id='par_1_8' title="bbox 0 0 983 3333">
     <span class='ocr_line' id='line_1_37' title="bbox 0 0 983 3333; baseline 0 0"><span class='ocrx_word' id='word_1_315' title='bbox 0 0 983 3333; x_wconf 95' lang='lat' dir='ltr'> </span> 
     </span>
    </p>
   </div>
  </div>
 </body>
</html>
