1948 3333
294 116 327 146 DE
344 115 455 146 DELECTU
472 115 611 166 OHNIONUM
645 140 646 143 ,
769 119 772 123 ’
847 116 875 160 73

31 272 90 314 quae
106 257 205 302 tortasse
222 256 382 313 quaestionem
398 256 514 308 dirimant,
532 248 586 300 eta
601 255 717 313 probabili
733 256 875 301 transierant

31 336 62 379 ad
76 335 247 379 certitudinem.

47 428 48 431 ’
61 414 174 460 Omnibus
186 417 266 457 tamen
278 428 336 471 opus
348 417 390 464 est,
404 417 436 465 ut,
450 418 575 472 antequam
588 414 617 457 ad
628 413 727 458 liberum
740 413 875 470 opinionum

31 494 147 537 delectum
167 493 301 549 procedant,
322 492 402 536 sedulo
422 492 538 551 inquirant
558 492 582 535 in
602 506 641 535 eas
661 492 758 536 actionis
779 492 876 535 circum-

31 572 130 615 stantias
141 586 201 628 quae
211 572 317 627 cognitae
327 574 424 628 possunt
435 572 472 616 vel
482 571 643 614 certitudinem
654 572 769 621 inducere,
780 571 819 614 vel
828 574 875 613 sta-

31 650 133 707 tum‘qui
142 650 227 693 dicitur
233 650 317 692 unicae
326 649 497 706 probabilitatis
509 649 562 706 (quo
572 650 678 693 videlicet
689 663 769 692 omnes
778 649 876 706 disposi-

31 729 106 772 tiones
119 728 260 771 subiectivae
273 731 364 784 praeter
377 742 447 771 unam
460 728 593 784 ineligibiles
606 728 761 785 apparerent).
776 728 876 773 Omissio

32 807 93 850 enim
106 807 183 850 dictae
196 806 350 862 inquisitionis
364 820 417 849 cum
430 821 488 863 pura
500 806 627 850 intentione
641 806 714 850 divini
727 806 815 849 servitii
829 806 876 850 evi-

32 887 114 930 denter
128 899 175 928 non
189 888 267 941 potest
283 884 396 941 coniungi.

37 1069 38 1072 =
64 1044 91 1086 In
105 1042 176 1085 tertia
190 1044 257 1098 parte
273 1042 354 1084 asserti
369 1042 466 1085 dicimus
487 1036 642 1099 prudentiam,
659 1046 876 1098 quantumcumque

33 1124 120 1164 crescat
134 1120 158 1162 in
172 1120 264 1162 homine
277 1121 350 1176 lapso,
363 1128 411 1163 'non
424 1134 490 1177 posse
503 1124 583 1163 tamen
595 1121 629 1163 ita
642 1120 830 1164 incertitudinem
843 1120 876 1165 rei

33 1199 126 1245 moralis
145 1199 232 1249 tollere,
253 1202 279 1241 ut
299 1199 400 1241 delectus
420 1197 611 1255 probabilitatum
629 1198 761 1256 superfluus
781 1198 875 1242 evadat.

64 1277 188 1321 Contendit
202 1279 290 1321 Ductor
304 1277 375 1320 Oscar
389 1278 458 1327 Renz,
473 1278 497 1319 in
510 1290 577 1334 opere
590 1272 724 1336 ceteroquin
736 1276 810 1321 solido
826 1275 877 1332 (Dio

34 1356 157 1412 Saliitetcsis
172 1356 229 1398 tiocli
244 1354 292 1398 dciii
306 1354 399 1411 heiligen
415 1355 510 1399 Tlioinus
524 1370 566 1399 voti
580 1356 664 1413 Aquita,
680 1354 785 1398 llliinster
800 1355 814 1398 i.
831 1356 875 1405 W„

36 1447 99 1490 1911,
121 1433 222 1491 Bcittiigo
242 1447 281 1476 ain
305 1432 427 1477 Gcscliiclitc
448 1434 485 1477 dei
505 1434 647 1491 Philosophia
668 1434 705 1477 cles
726 1434 874 1484 Miticlulteis,

33 1513 101 1557 Band
121 1514 152 1563 X,
173 1512 229 1555 Hett
254 1512 286 1569 ½,
306 1512 442 1568 praesertim
461 1527 483 1569 p.
506 1513 617 1569 174-175),
637 1511 778 1569 superfluere
798 1512 878 1554 omnia

34 1590 187 1635 recentiorum
202 1593 349 1646 «systemata
359 1590 454 1635 moralia
465 1608 474 1631 ι)
486 1605 545 1646 quae
556 1590 671 1642 dicuntur,
684 1590 703 1633 si
716 1591 767 1647 quis
779 1590 878 1653 thomis-

34 1669 106 1712 ticam
122 1668 240 1728 notionem
255 1669 356 1719 virtutis,
374 1682 400 1711 ac
415 1668 536 1725 praecipue
551 1669 695 1725 prudentiae,
711 1672 773 1713 recte
788 1668 878 1711 intelle-

36 1747 101 1798 xerit,
115 1747 218 1802 satisque
230 1761 260 1789 ex
271 1747 322 1803 ipsa
334 1747 420 1790 virtute
433 1747 558 1804 perspicere
571 1748 701 1790 virtuosum
714 1747 771 1804 quid
783 1747 828 1790 sibi
841 1746 878 1789 hic

36 1829 59 1868 et
76 1838 137 1868 nunc
156 1825 271 1881 agendum
287 1825 325 1875 sit,
342 1825 436 1868 sublata
451 1826 643 1881 probabilitatum
660 1826 831 1869 incertitudine.

66 1904 187 1947 Interdum
207 1903 307 1959 quidem,
328 1917 356 1946 ex
374 1917 436 1947 mero
460 1904 607 1947 individualis
629 1904 766 1961 prudentiae
785 1903 879 1947 delectu

36 1981 157 2038 procedere
171 1982 233 2036 quod
246 1982 296 2036 quis
308 1981 332 2023 in
343 1982 467 2025 moralibus
480 1982 580 2032 haereat,
596 1982 734 2025 certitudine
750 1996 837 2032 carens,
850 1996 880 2025 ex

36 2059 160 2117 praedictis
182 2059 238 2102 satis
261 2060 354 2103 evidens
376 2073 423 2103 esse
445 2064 529 2116 potest.
552 2061 666 2117 Exempla
687 2060 706 2103 si
728 2063 879 2117 quaeruntur,

37 2137 113 2190 atlerri
124 2141 222 2194 possunt
236 2137 284 2181 eius
297 2138 337 2195 qui
349 2138 435 2180 nesciat
449 2152 543 2181 ancum
556 2139 629 2181 amari
641 2139 712 2181 animi
725 2123 826 2190 homine,
840 2138 880 2194 qui

37 2216 61 2259 in
76 2216 121 2259 fide
135 2215 234 2259 haesitet
249 2220 271 2258 et
286 2217 396 2259 adversus
409 2217 586 2260 ecclesiasticam
599 2220 742 2274 potestatem
755 2217 828 2260 iratus
842 2217 879 2267 sit,

37 2294 121 2339 severis
135 2308 165 2337 an
176 2294 287 2337 suavibus
299 2294 375 2337 verbis
388 2295 501 2351 agendum
513 2296 550 2347 sit,
563 2321 593 2327 -
604 2295 640 2338 vel
653 2296 701 2339 eius
715 2295 761 2354 qui,
775 2295 881 2351 religiosa

37 2373 116 2429 regula
138 2372 229 2415 silentio
253 2372 385 2423 adstrictus,
402 2373 493 2416 dubitet
511 2387 566 2416 num
589 2373 646 2417 illud
669 2374 753 2417 debeat
777 2374 881 2430 frangere

38 2454 133 2508 propter
146 2451 250 2506 aliquam
260 2451 360 2509 proximi
372 2452 504 2503 utilitatem,
518 2479 547 2484 -—
558 2453 596 2495 vel
607 2452 662 2503 eius,
677 2452 724 2510 qui,
737 2452 839 2508 legitime
852 2452 882 2495 ab

40 2529 182 2572 abstinentia
192 2530 321 2587 exemptus,
333 2529 424 2573 dubitet
435 2544 491 2573 num
501 2533 580 2573 tamen
590 2545 680 2575 servare
691 2531 775 2573 debeat
786 2534 882 2587 propter

39 2607 232 2659 aedificationem,
244 2611 287 2651 etc.
298 2609 359 2651 Nam
369 2607 392 2649 in
402 2608 437 2650 his
447 2608 560 2660 omnibus,
571 2608 640 2651 homo
651 2609 670 2652 si
679 2613 739 2652 esset
749 2609 773 2651 in
783 2608 883 2666 pruden-

39 2686 73 2728 tia
84 2685 226 2741 exquisitior,
239 2686 329 2730 facilius
341 2686 470 2742 certiusque
481 2686 592 2729 iudicaret
604 2687 632 2730 de
644 2687 733 2730 motivo
747 2701 793 2743 quo
804 2700 883 2730 move-

39 2767 78 2809 tur
94 2764 124 2806 ad
139 2764 211 2807 talem
227 2764 401 2822 dispositionem
416 2765 550 2808 sensitivam
563 2766 750 2822 amplectendam
766 2764 801 2821 (=
812 2765 884 2809 talem

40 2842 172 2899 opinionem
191 2843 383 2900 approbandam),
403 2857 429 2886 ac
446 2843 514 2886 simul
531 2843 612 2887 melius
630 2844 776 2901 perspiceret,
796 2843 853 2902 quid
872 2858 886 2886 a

40 2935 64 2963 se
78 2921 181 2976 requirat
196 2921 281 2964 caritas
296 2921 396 2978 proximi
413 2935 417 2965 :
432 2921 551 2965 tolleretur
565 2922 644 2978 itaque
659 2922 700 2965 illa
714 2921 884 2965 incertitudinis

40 2999 115 3049 radix,
134 3013 193 3055 quae
211 3003 246 3042 est
265 3015 294 3043 ex
311 3000 418 3057 appetitu
435 2999 545 3043 sensitivo
562 3000 690 3044 virtutibus
708 3014 755 3044 non
772 3000 885 3045 subiecto.

7 3132 8 3135 Ἰ
60 3099 161 3137 Quaestiones
168 3102 188 3129 de
194 3101 296 3131 Conscientia.
854 3110 863 3138 9
