2068 3413
130 107 173 163 66
356 120 525 163 6666666666
541 123 574 154 na
591 120 753 155 consensurus

161 263 244 319 ltaque
254 260 382 305 videndum
393 265 429 305 est
440 263 568 306 secundum
580 278 706 320 quamnam
717 267 829 315 normam,
845 263 906 309 intra
918 264 974 306 fines

129 339 249 385 doetrinae
260 330 331 397 supra
341 340 450 392 traditae,
463 341 574 398 distingui
584 343 658 399 possit
670 357 696 385 ac
707 343 790 386 debeat
802 356 857 386 vera
868 346 890 386 et
902 342 976 385 solida

130 417 282 475 probabilitas
297 433 311 461 a
323 419 388 462 tenui
401 422 424 462 et
438 419 498 462 ialsa
511 420 682 477 probabilitatis
696 420 839 478 apparentia.
855 422 882 464 ld
897 424 974 464 autem

133 497 179 548 fiet,
193 497 342 541 discernendo
356 498 436 554 quales
448 498 573 542 sensitivae
585 500 658 556 partis
671 499 819 543 habitudines
832 499 901 542 homo
913 499 975 542 licite

130 575 203 632 possit
222 579 342 633 acceptare
360 580 383 620 et
401 577 574 633 quodammodo
591 582 669 622 mente
685 578 786 629 induere,
804 582 831 621 ut
848 578 975 621 secundum

131 668 169 697 eas
183 655 211 697 de
224 654 390 711 probabilitate
404 655 498 700 iudicet.
512 641 570 701 Aliis
583 657 659 700 verbis
676 671 679 701 :
693 671 746 700 curn
760 656 882 713 unicuique
896 657 975 713 opina-

129 733 178 784 bili,
188 733 259 776 etiam
269 732 400 785 falsissimo,
411 734 489 791 aliqua
498 735 610 781 sensibilis
620 736 739 792 dispositio
749 736 893 793 respondeat,
905 749 975 791 quarn

131 811 182 867 quis
196 811 293 855 induens
307 816 331 855 et
346 816 469 870 acceptans
483 813 557 870 possit
571 815 697 857 secundum
711 814 768 859 illud
782 814 882 857 iudicare
899 813 975 871 (idque

130 890 230 933 maxime
240 894 305 947 patet
315 890 339 933 in
348 891 393 934 illis
403 891 550 948 opinionibus
561 906 619 948 quae
625 887 692 935 bonis
699 892 800 941 moribus
808 889 974 949 opponuntur),

95 980 97 987 ‘
131 969 249 1024 quaeritur
262 983 319 1012 num
332 969 362 1012 sit
376 972 433 1012 nota
446 971 562 1026 quaedam
576 985 622 1027 qua
635 971 755 1028 dispositio
769 970 900 1014 huiusmodi
914 970 975 1027 eligi-

129 1047 182 1091 bilis
201 1048 238 1090 vel
256 1047 386 1104 ineligibilis
406 1052 534 1105 appareat;
553 1049 572 1091 si
590 1049 651 1092 enirn
669 1047 734 1092 nulla
751 1049 805 1092 talis
824 1052 880 1092 nota
898 1050 974 1100 datur,

131 1125 240 1169 videntur
253 1140 333 1169 omnes
347 1126 466 1183 opiniones
482 1141 599 1170 remanere
614 1127 786 1184 assumptibiles
803 1142 842 1170 seu
857 1127 974 1184 eligibiles,
992 1170 993 1173 ,

130 1204 195 1247 nulla
210 1205 307 1262 expulsa
321 1205 359 1248 vel
375 1204 437 1256 elisa,
455 1206 517 1262 quod
532 1206 663 1257 laxismum,
679 1206 750 1248 immo
766 1206 936 1263 scepticismum
952 1206 975 1248 in

131 1297 180 1326 rem
194 1283 306 1326 moralem
320 1283 417 1327 inducit.

104 1372 105 1375 ’
162 1361 222 1405 Huic
239 1362 371 1418 quaestioni
386 1362 462 1419 primo
479 1363 573 1419 quidem
589 1363 656 1406 tacile
672 1363 830 1420 respondetur,
848 1363 909 1419 quod
925 1376 975 1419 per-

129 1439 190 1483 tinet
203 1441 232 1483 ad
245 1454 283 1483 eas
296 1440 416 1498 opiniones
430 1455 489 1497 quae
501 1441 629 1484 contrariae
641 1445 715 1484 essent
729 1441 797 1484 alicui
808 1441 901 1484 veritati
913 1444 975 1483 certo

131 1518 243 1575 cognitae.
256 1519 308 1563 Etsi
318 1519 380 1562 enim
391 1534 473 1562 verum
487 1522 522 1562 est
538 1519 633 1576 cogitari
643 1534 710 1576 posse
721 1519 895 1576 dispositionem
905 1519 975 1562 sensi-

130 1596 205 1639 tivam
222 1580 308 1648 talem,
319 1600 345 1640 ut
364 1597 415 1653 quis
432 1598 456 1640 in
473 1612 501 1641 ea
517 1598 665 1649 constitutus,
683 1597 854 1655 phantasmatis
871 1600 974 1641 mentem

131 1757 265 1800 perniciosae»,
286 1767 321 1790 nec
340 1758 414 1791 difficile
426 1760 454 1790 est
467 1758 537 1797 videre,
555 1759 649 1801 quomodo
669 1768 721 1801 prop.
738 1758 757 1799 3²⁴
765 1758 873 1791 scandalum
889 1767 976 1800 generare

134 1813 269 1856 laxitatemque
278 1813 341 1846 rovere
350 1814 513 1857 potuissetlpsius
521 1816 586 1847 tamen
595 1814 704 1847 Tamburini
713 1823 788 1846 sensum
796 1814 839 1846 vide
849 1813 898 1857 apud
908 1814 974 1856 ipsum,

103 1870 105 1872 '
130 1879 149 1902 n.
162 1879 190 1908 21,
203 1870 233 1901 vel
242 1880 271 1912 ap.
284 1869 352 1909 Furiis,
365 1873 393 1913 op.
404 1870 439 1909 cit,
449 1881 466 1914 p.
480 1871 519 1904 228,
531 1871 614 1903 Adverte
626 1872 727 1913 praeterea,
740 1870 846 1902 nullatenus
858 1879 881 1901 ex
893 1879 976 1912 assump-

73 1930 75 1936 ’
130 1925 182 1957 tione
196 1925 251 1957 huius
265 1927 370 1959 sententiae
385 1926 405 1958 in
419 1927 527 1969 catalogum
540 1927 672 1959 damnatarum
685 1926 778 1968 consequi,
792 1927 814 1958 ut
829 1926 888 1958 dicere
908 1926 976 1958 debeat

130 1981 228 2023 theologus
239 1982 279 2014 dari
290 1991 309 2013 re
320 1992 364 2015 vera
375 1983 512 2025 propositiones
523 1982 605 2014 tenuiter
615 1982 726 2025 probabiles,
746 1982 791 2013 fines
801 1976 976 2024 tamen‘probabili-

130 2037 176 2069 tatis
187 2047 225 2069 non
236 2038 353 2071 excedentes.
365 2039 388 2071 Id
400 2038 450 2071 enim
461 2048 528 2081 negare
539 2040 618 2081 possunt
630 2038 659 2070 vel
671 2037 850 2081 antiprobabilistae,
863 2037 976 2069 arbitrantes

129 2093 273 2135 probabilitates
288 2095 384 2137 oppositas
399 2095 449 2127 inter
462 2104 482 2127 se
496 2095 545 2133 elidi,
561 2094 588 2126 ita
603 2095 624 2126 ut
639 2103 660 2126 ea
675 2103 723 2136 quae
737 2095 841 2137 superatur,
856 2102 976 2136 nequaquam

131 2151 227 2181 remaneat
239 2151 344 2193 probabilis,
364 2150 398 2194 (cir
411 2151 507 2189 GARDEIL,
521 2152 532 2183 l.
546 2161 567 2189 6,,
580 2161 599 2193 p.
613 2151 647 2191 238
660 2151 679 2181 et
692 2151 731 2182 not.
745 2159 761 2191 3,
775 2159 796 2181 ac
809 2160 826 2192 p.
841 2149 932 2191 264-266),
946 2149 976 2181 vel

130 2205 269 2247 probabilistae,
279 2206 295 2249 si
305 2208 376 2249 putant
385 2208 440 2239 extra
451 2207 496 2239 fines
506 2206 645 2250 probabilitatis
655 2205 727 2248 expelli,
738 2207 757 2237 et
768 2206 791 2237 ad
802 2214 873 2237 merum
883 2205 976 2248 opinabile

129 2261 199 2299 reduci,
208 2270 238 2293 eas
246 2263 355 2301 sententias,
364 2272 412 2305 quae
420 2263 473 2295 tenui
480 2264 557 2294 tantum
566 2262 726 2294 verisimilitudine
734 2261 834 2294 sollicitent
842 2261 865 2293 ad
872 2265 974 2293 assensum.

130 2316 161 2349 Sic
174 2326 193 2348 re
206 2327 251 2349 vera
264 2318 349 2350 sentiunt
372 2319 398 2361 (id
412 2320 446 2357 est,
460 2320 531 2361 negant
545 2318 585 2350 dari
598 2318 680 2350 tenuiter
693 2317 804 2360 probabiles)
820 2317 932 2359 quicumque
946 2317 976 2348 vel

129 2372 215 2414 gravilate
227 2374 318 2405 momenti
328 2375 359 2406 vel
369 2376 464 2417 potestate
475 2374 564 2406 movendi
574 2374 636 2406 virum
646 2374 750 2416 praedantem
761 2373 857 2415 probabile
875 2372 974 2405 diffiniunt.

131 2429 172 2461 Hoc
184 2430 249 2460 autem
262 2430 284 2461 fit
296 2430 426 2469 communiter,
440 2432 459 2461 et
471 2430 521 2462 huno
533 2439 588 2461 usum
600 2438 656 2472 supra
668 2438 731 2461 sumus
744 2428 809 2466 secuti,
822 2439 840 2471 p.
854 2436 881 2469 53.
895 2428 948 2471 Quod
961 2428 975 2460 si

128 2484 172 2527 quis
183 2494 237 2516 omne
248 2485 342 2528 opinabile
353 2487 423 2519 diceret
433 2486 536 2529 probabile,
548 2485 578 2518 vel
589 2495 631 2517 cuni
642 2485 749 2517 Caramuele
760 2485 840 2522 doceret,
852 2484 975 2516 contradicto-

129 2540 177 2572 riam
186 2542 290 2573 sententiae
298 2542 402 2585 probabilis
410 2551 432 2574 eo
441 2542 481 2585 ipso
490 2551 529 2573 esse
538 2541 659 2585 probabilem,
669 2541 690 2579 is,
700 2542 722 2572 ut
730 2541 789 2583 patet,
799 2540 859 2572 dicere
868 2550 905 2572 non
913 2542 976 2582 posset

131 2596 203 2628 licitum
211 2607 250 2629 esse
258 2607 313 2629 usum
321 2598 420 2631 cuiuslibet
427 2598 536 2641 probabilis,
546 2598 585 2629 sine
592 2597 670 2629 immani
678 2597 788 2629 16616616-
795 2596 893 2639 Opinabile
901 2596 976 2638 quidem

131 2653 188 2684 etiam
203 2653 272 2685 falsum
290 2654 326 2696 (vel
342 2656 408 2686 contra
424 2654 525 2686 veritatem
541 2655 617 2692 certam,
634 2655 655 2685 ut
671 2653 734 2696 opinio
750 2652 849 2690 haeretica,
866 2652 895 2684 vel
911 2653 976 2684 contra

129 2709 300 2751 probabilissimam
312 2710 432 2753 seutentiam)
446 2711 462 2742 ei
474 2710 506 2752 qui
518 2710 543 2742 sic
556 2709 644 2752 opinatur
655 2710 733 2752 apparet
745 2708 846 2751 probabile,
860 2708 908 2740 sicut
919 2699 977 2740 etiam

130 2765 226 2807 complura
234 2775 282 2807 quae
290 2768 335 2798 sunt
342 2766 395 2805 ialsa,
404 2768 456 2798 certa
464 2768 556 2809 apparent
565 2765 674 2797 errantibus.
692 2764 728 2797 Sed
736 2765 771 2796 hoc
779 2764 840 2807 ipsum
848 2773 897 2796 nunc
905 2763 978 2806 quaeri*

130 2830 177 2859 mus,
189 2822 283 2863 quomodo
294 2831 360 2854 verum
370 2823 467 2865 probabile
478 2833 489 2854 a
500 2822 547 2854 falso
559 2821 648 2863 distingui
658 2820 717 2864 possit
729 2830 733 2852 ι
745 2820 794 2863 quod
805 2829 827 2851 eo
838 2820 929 2852 difficilius
942 2821 975 2858 est,

128 2877 181 2919 quod
191 2877 210 2909 in
220 2878 313 2920 probabili
323 2878 456 2911 constituendo
466 2878 564 2921 dispositio
575 2877 665 2909 sensitiva
675 2876 786 2908 correlativa
797 2875 917 2914 immiscetur,
929 2876 977 2907 sicut

128 2932 202 2965 dictum
216 2934 250 2966 est.
266 2934 349 2966 Adverte
363 2934 466 2976 theologos,
482 2935 528 2966 dum
542 2933 662 2977 prudentiam
676 2932 773 2975 requirunt
787 2932 879 2974 tanquam
892 2941 978 2964 normam

130 2989 180 3021 unde
189 2990 267 3022 tandem
276 2990 374 3033 probabile
384 2990 505 3032 dignoscatur
517 2990 538 3033 (e.
549 2999 566 3032 g.
577 2989 644 3027 Furus,
655 2992 683 3032 op.
694 2988 729 3026 eil,
740 2998 758 3030 p.
771 2987 817 3030 157),
828 2997 847 3019 re
856 2997 900 3020 vera
910 2997 943 3020 nos
953 2988 977 3020 ad

129 3045 199 3077 bonam
210 3045 351 3088 dispositionem
362 3046 473 3078 sensitivam
484 3046 580 3078 remittere
595 3045 640 3088 [sirie
652 3054 689 3087 qua
701 3044 801 3087 prudentia
815 3054 853 3076 non
865 3044 907 3086 est).
