2068 3413
144 145 171 187 18
368 158 536 199 QUAESTIONES
553 160 585 191 DE
601 159 763 192 CONSCIENTIA

142 301 230 342 rectam
244 297 375 342 intellectus
389 300 596 357 apprehensionem
609 301 769 359 consequetur)
782 315 786 353 ;
799 301 832 344 sic
846 315 898 358 ergo
914 316 966 345 «res
978 319 988 343 ι)

143 377 243 428 moralis,
261 392 320 434 quae
337 382 371 421 est
389 379 506 422 obiectum
522 379 680 432 conscientiae,
698 394 744 422 non
761 380 887 437 accipietur
903 384 929 423 ut
946 380 987 423 ali-

139 454 199 511 quid
214 457 328 513 complete
343 460 410 502 extra
425 457 527 500 animam
541 458 675 510 subsistens,
691 458 731 501 sed
745 472 836 515 semper
852 462 877 501 ut
892 457 986 503 cointel-

142 534 203 578 lecta
214 548 267 578 cum
279 535 384 578 subiecto
396 540 458 581 recte
470 540 602 593 appetente.
616 537 660 581 Sed
673 537 765 581 secundo
778 537 849 580 etiam
862 537 986 580 dicendum

143 615 185 663 est,
196 613 230 656 ita
239 613 364 659 veritatem
374 614 470 659 rationis
480 615 595 671 practicae
605 614 629 657 in
639 615 800 660 conformitate
811 616 841 658 ad
852 615 986 673 appetitum

142 694 231 734 rectum
242 705 290 735 esse
301 691 378 744 sitam,
391 696 417 736 ut
429 693 521 735 nomine
534 693 670 750 «appetitus
681 711 690 735 ι)
701 693 774 751 accipi
784 694 868 738 debeat
879 708 926 736 non
936 695 986 739 sola

142 769 262 825 dispositio
272 770 401 814 voluntatis
413 775 516 830 quaeest
528 772 558 815 ad
571 772 639 815 finem
650 772 765 824 ultimum,
776 773 817 816 sed
828 772 899 815 etiam
909 772 986 830 dispo-

141 847 194 890 sitio
204 849 353 905 appetituum
362 849 525 895 sensitivorum
537 849 554 906 (ι
563 850 682 895 irascibilis
693 868 702 891 n
711 854 733 893 et
745 850 947 907 «concupiscibilis
959 850 983 907 b),

142 926 225 982 quibus
238 927 308 970 homo
321 931 383 971 recte
395 942 419 971 se
432 928 503 972 habet
517 929 547 972 ad
562 929 617 972 fines
630 928 745 973 virtutum
757 929 879 972 moralium
895 929 928 985 (1ῧι
940 936 983 980 ate,

142 1019 163 1063 q.
182 1005 216 1060 56,
232 1020 251 1049 a.
266 1018 287 1061 4,
302 1007 332 1049 ad
346 1006 376 1063 4),
392 1007 422 1049 ad
436 1020 493 1064 quos
509 1007 565 1050 fines
578 1006 681 1064 singulae
695 1007 795 1050 actiones
809 1008 985 1050 considerantur

141 1087 167 1126 ut
178 1084 261 1129 media.
275 1083 319 1143 Qui
330 1085 401 1142 igitur
412 1085 533 1129 voluntate
544 1100 568 1128 se
579 1085 602 1128 in
615 1086 684 1128 finem
696 1084 804 1129 ultimum
816 1085 915 1137 ordinat,
927 1100 985 1128 non-

141 1162 197 1205 dum
213 1178 242 1206 ex
258 1163 302 1206 hoc
318 1166 490 1220 competentem
506 1172 644 1208 mensuram
654 1164 782 1220 praestabit
798 1164 883 1209 rationi
899 1164 984 1220 practi-

140 1254 187 1292 cae,
208 1242 248 1284 sed
268 1255 295 1285 eo
315 1241 515 1298 imperfectiorem,
537 1256 583 1301 quo
603 1242 706 1285 nondum
729 1243 844 1286 edomitae
864 1242 983 1299 passiones

140 1319 244 1363 sensitivi
260 1320 305 1377 legi
320 1320 405 1363 mentis
421 1320 495 1378 magis
511 1321 680 1378 repugnabunt.
698 1322 735 1364 Ex
751 1320 794 1363 hac
812 1324 890 1363 autem
907 1335 984 1364 neces-

140 1397 200 1441 saria
211 1398 364 1441 immanentia
375 1412 422 1441 non
433 1399 503 1442 solius
515 1399 643 1442 voluntatis
655 1398 780 1456 spiritualis
793 1413 807 1442 a
818 1398 907 1443 ratione
918 1413 983 1456 regu·

139 1477 208 1528 latae,
221 1478 262 1520 sed
275 1476 346 1520 etiam
360 1477 480 1534 appetitus
492 1476 596 1520 sensitivi
608 1477 769 1522 convenienter
782 1476 875 1529 assueti,
888 1477 913 1519 in
925 1478 984 1520 diffi-

139 1554 224 1598 nienda
233 1555 333 1601 veritate
344 1555 454 1612 practica
466 1558 531 1612 patet
543 1556 675 1612 appetitum
686 1558 775 1601 rectum
786 1546 839 1601 vere
849 1569 983 1600 mensuram

139 1647 187 1676 esse
198 1633 301 1677 eiusdem
312 1633 425 1685 veritatisy
438 1648 485 1690 qua
496 1633 614 1691 appetitus
625 1638 700 1678 rectus
712 1637 754 1685 est,
767 1636 789 1676 et
802 1633 858 1690 quin
869 1633 982 1677 eiusmodi

139 1712 279 1755 mensuratio
297 1712 327 1754 ad
343 1713 446 1769 regulam
462 1713 636 1769 conceptualem
652 1716 675 1754 et
692 1711 804 1768 expressis
820 1712 897 1756 verbis
914 1713 982 1773 adae-

140 1794 210 1846 quate
222 1789 422 1834 determinabilem
434 1790 507 1847 possit
519 1791 615 1833 tandem
626 1789 711 1835 reduci.
725 1790 791 1848 Quod
804 1793 915 1833 consonat
928 1796 981 1833 cum

138 1866 179 1913 illa
196 1868 337 1914 aristotelica
353 1868 465 1921 doctrina,
483 1868 613 1913 virtuosum
630 1868 706 1913 virum
723 1882 771 1911 esse
787 1882 920 1914 mensuram
936 1869 982 1912 vir-

138 1946 196 1990 tutis
203 1949 218 1991 1.
235 1947 287 2003 [His
302 1950 469 2003 consequenter
484 1948 579 1990 adverte
596 1961 600 1991 :
615 1946 634 1989 si
649 1947 699 2003 quis
714 1946 806 1990 nomine
823 1946 961 2003 «appetitus
973 1963 983 1988 ι)

139 2024 240 2082 accipere
252 2026 322 2070 vellet
334 2039 382 2068 non
394 2024 467 2068 solam
479 2025 609 2082 potentiam
621 2024 781 2081 appetitivam,
795 2025 859 2068 cuius
872 2028 938 2067 actus
952 2025 981 2068 ad

138 2103 292 2160 cognitionem
314 2117 455 2160 consequens
477 2107 519 2154 est,
541 2104 581 2146 sed
601 2103 677 2160 ipsam
697 2107 806 2148 naturam
827 2102 981 2160 potentialem

138 2181 244 2233 hominis,
258 2196 318 2239 quae
331 2185 365 2225 est
378 2181 496 2226 inclinatio
510 2182 624 2240 quaedam
636 2181 762 2225 subsistens
776 2182 806 2224 ad
818 2183 910 2225 Bonum
922 2181 982 2225 divi-

138 2274 194 2303 num
206 2260 359 2306 determinate
372 2259 567 2317 participandum
580 2259 599 2303 is
612 2260 685 2304 dicere
697 2262 782 2316 posset,
797 2260 905 2317 appetitu
917 2263 981 2321 recto

137 2323 264 2384 mensurari
270 2338 342 2382 etiam
350 2339 474 2383 veritatem
483 2338 610 2395 practicam
620 2338 648 2381 de
659 2338 703 2380 fine
712 2338 806 2382 ultimo:
823 2337 842 2380 is
856 2337 918 2380 enim
928 2337 981 2380 finis

137 2420 172 2460 est
184 2417 208 2460 in
222 2416 345 2460 satiatione
364 2416 518 2460 inclinationis
533 2416 646 2461 naturalis
660 2415 759 2458 hominis
775 2430 823 2472 qua
837 2415 907 2459 homo
926 2418 981 2473 est]

167 2495 281 2553 Quoniam
293 2498 373 2538 tamen
385 2494 502 2552 theologia
513 2494 606 2539 moralis
618 2495 752 2551 plerumque
764 2497 830 2539 curat
843 2494 871 2537 de
883 2497 980 2551 peccato

136 2573 239 2625 vitando,
257 2588 304 2617 non
321 2575 349 2617 de
365 2573 442 2617 medio
458 2573 551 2619 virtutis
568 2572 681 2629 exquisite
698 2572 849 2629 attingendo;
865 2573 910 2624 vel,
943 2572 979 2615 liis

136 2652 219 2704 verbis,
243 2652 298 2712 quia
319 2651 405 2695 iudicia
426 2651 579 2695 conscientiae
601 2665 659 2707 quae
681 2651 789 2707 theologo
811 2650 979 2694 consideranda

135 2735 297 2788 proponuntur
312 2730 391 2787 potius
407 2733 461 2773 sunt
478 2731 506 2773 de
522 2730 585 2773 licito
602 2732 641 2772 aut
657 2728 737 2773 illicito
754 2728 869 2785 quamde
885 2728 979 2773 meliore

135 2810 203 2861 bono,
213 2809 265 2852 ideo
275 2809 305 2852 ad
314 2809 391 2851 multa
399 2808 516 2851 sufficiunt
526 2807 672 2851 diffinitiones
682 2820 815 2850 communes
824 2807 979 2850 conscientiae

162 2970 175 2994 1.
190 2960 254 2996 Ἔστιν
273 2960 309 3005 ἄρα
326 2960 338 3007 ἡ
359 2959 415 3006 ἀρετὴ
433 2958 469 3003 ἕξις
488 2958 611 3006 προαιρετική,
628 2957 646 2994 ἐν
659 2956 746 3004 μεσότητι
762 2957 808 2994 οὖσα
824 2959 847 3004 τῇ
864 2957 910 3004 πρὸς
922 2957 977 3004 ἡμᾶς,

134 3015 224 3063 ὡρισμένῃ
236 3016 287 3064 λόγῳ
308 3016 348 3052 καὶ
366 3015 433 3059 ὡςᾶν
452 3015 462 3051 ὁ
482 3014 594 3062 φρόνιμος
616 3014 707 3061 ὁρίσειε
727 3017 774 3059 (ΕιΙι.
788 3017 868 3055 Νιιοινι,,
889 3019 900 3052 l.
916 3018 975 3057 VLc.

133 3080 160 3111 vi,
175 3081 219 3115 1107
234 3082 251 3112 a,
267 3082 282 3117 r.
296 3072 328 3104 Cfr
341 3082 356 3105 c.
370 3081 396 3110 lv,
412 3081 456 3113 1105
471 3073 488 3109 b,
503 3073 527 3115 6).
