1948 3333
385 563 485 606 CAPUT
500 564 521 606 V

228 720 335 763 Asserta
364 717 433 762 circa
461 716 678 774 probabilitatem

64 871 159 917 Utiliter
168 871 211 928 legi
220 875 318 929 possunt
329 871 401 922 Frins,
413 876 447 928 op.
458 871 501 921 rit,
512 886 534 927 p.
547 870 594 925 148,
605 883 664 926 sqq,
676 868 716 924 qui
725 868 881 913 recentiorum

34 951 226 995 scholasticorum
240 950 261 1007 (a
271 951 362 993 saeculo
375 950 439 1007 XVl)
452 949 569 994 doctrinas
581 949 641 992 clare
652 946 747 1004 digessit
759 960 764 998 ;
780 944 881 996 Gardeil,

35 1031 58 1073 in
78 1028 274 1079 Commentariun,
298 1042 368 1085 supra
389 1043 411 1085 p.
426 1028 454 1083 38
478 1027 585 1078 laudatis,
611 1026 650 1083 qui
665 1029 762 1068 conatur
777 1026 807 1068 ad
823 1024 882 1067 anti-

35 1107 139 1165 quiorem
165 1107 335 1164 probabilitatis
352 1107 476 1157 notionem,
505 1119 575 1162 quam
603 1104 768 1150 aristotelicam
784 1103 840 1147 dicit
857 1107 881 1146 et

3 1237 5 1239 v
33 1186 201 1237 themisticam‚
229 1182 394 1228 studiosorum
415 1184 510 1237 animos³
527 1198 641 1229 revocare.
664 1183 728 1228 Prior
752 1181 882 1239 simplicem

34 1264 226 1322 probabilismum
245 1268 340 1316 tuetur;
361 1264 418 1308 alter
436 1263 515 1308 reiicit.

439 1416 481 1463 §L

191 1552 226 1589 De
241 1551 342 1589 essentia
356 1542 538 1598 et'proprietate
552 1549 727 1597 probabilitatis

69 1694 198 1745 Probabile,
213 1695 232 1737 si
247 1694 344 1737 latinam
359 1695 421 1737 vocis
434 1695 533 1737 formam
548 1694 727 1744 consideramus
738 1696 772 1736 est
783 1693 807 1736 id
820 1693 883 1748 quod
939 1724 942 1749 3

38 1786 85 1815 non
100 1773 194 1829 quidem
210 1777 264 1815 actu
279 1762 397 1829 probatur,
413 1773 452 1816 sed
468 1777 550 1829 aptum
566 1776 600 1815 est
616 1775 642 1815 ut
658 1772 776 1828 probetur,
792 1786 832 1815 seu
848 1774 883 1814 est

38 1850 61 1893 in
80 1851 187 1907 potentia
207 1852 236 1894 ad
256 1852 423 1908 probationem,
443 1865 484 1907 per
503 1851 664 1908 probationem
684 1850 839 1907 intellegendo
860 1853 883 1892 et

36 1929 259 1975 demonstrationem
284 1944 343 1986 quae
361 1930 450 1985 quietat
468 1930 612 1973 intellectum
632 1929 769 1985 (secundum
786 1929 884 1971 modum

37 2007 77 2063 qui
91 2007 203 2065 competit
217 2008 241 2050 in
255 2008 325 2053 variis
339 2008 448 2068 materiis)
461 2011 483 2051 et
495 2012 674 2063 consequentem
688 2007 884 2064 approbationem

36 2085 174 2130 intellectus,
190 2086 213 2130 Si
225 2087 304 2142 itaque
316 2088 365 2129 sola
378 2091 436 2130 esset
449 2087 514 2131 verbi
527 2086 589 2143 origo
602 2086 777 2136 consideranda,
791 2085 884 2142 proprie

36 2164 151 2208 diceretur
168 2165 294 2221 probabilis
312 2165 496 2222 illa-propositio
515 2179 574 2221 quae
592 2164 721 2207 transitura
739 2168 774 2207 est
793 2165 817 2206 in
835 2164 884 2208 veri

36 2243 135 2286 nominis
152 2241 321 2294 certitudinem,
340 2257 366 2286 ac
383 2243 507 2289 merebitur
523 2243 617 2300 plenam
634 2243 800 2286 adhaesiOnem
817 2243 884 2285 intel-

35 2320 116 2372 lectus,
134 2321 202 2364 sicuti
218 2325 253 2364 est
270 2321 390 2367 theorema
406 2322 613 2367 demonstrandum
629 2321 751 2378 discipule,
768 2323 807 2365 vel
823 2321 884 2363 sicut

36 2398 173 2456 hypothesis
191 2400 269 2456 aliqua
286 2414 300 2442 a
315 2400 365 2445 viro
382 2401 450 2443 docto
469 2401 609 2456 anticipatur
626 2403 652 2443 ut
670 2401 761 2443 solvens
780 2400 884 2456 aliquam

36 2477 214 2529 dubitationem,
231 2482 357 2536 antequam
371 2479 409 2522 ille
423 2479 496 2536 possit
512 2479 559 2522 eius
575 2478 710 2535 explicitam
726 2478 840 2523 rationem
855 2492 885 2521 ex

35 2557 134 2612 propriis
151 2556 268 2620 principiis
287 2556 409 2614 assignare.
428 2559 462 2601 Re
479 2561 557 2601 autem
574 2572 636 2608 vera,
655 2558 717 2613 quod
734 2557 820 2601 mirum
837 2570 885 2599 non

36 2637 78 2684 est,
91 2635 211 2692 probabile
222 2635 307 2678 dicitur
318 2649 364 2678 non
375 2639 469 2679 tantum
480 2636 503 2679 id
516 2636 578 2692 quod
590 2639 624 2679 est
637 2649 660 2678 re
672 2650 727 2678 vera
738 2636 885 2685 demonstra-

35 2711 105 2756 tionis
117 2713 283 2770 susceptivum,
296 2715 335 2757 sed
348 2715 409 2770 quod
422 2718 447 2757 ut
459 2715 506 2757 tale
518 2714 701 2771 apprehenditur
713 2714 743 2757 ab
755 2709 882 2766 intellectu,

36 2803 83 2833 non
99 2806 152 2835 cum
169 2792 306 2835 certitudine
322 2785 462 2836 omnimoda.
480 2792 608 2836 Maximum
625 2793 704 2848 itaque
721 2793 788 2835 adest
805 2792 885 2836 discri-
914 2848 916 2851 Α

36 2881 89 2911 men
106 2871 166 2915 inter
184 2871 388 2915 delnousrmbluer
406 2871 522 2928 probabile.
541 2873 602 2915 Nam
620 2885 673 2914 cum
691 2861 780 2926 aliquid
798 2871 885 2914 dicitur

36 2946 223 3001 demonstrabile,
236 2950 366 2993 intellectus
379 2949 416 2993 ille
429 2950 522 3006 quidem
535 2953 589 2993 actu
600 2949 825 2995 demonstrationem
837 2963 885 2991 non

36 3024 77 3067 dat
93 3042 167 3085 neque
183 3027 280 3073 tortasse
296 3028 429 3085 expeditam
447 3028 478 3084 (in
494 3028 600 3086 potentia
614 3028 729 3085 proxima)
748 3028 826 3080 habet,
843 3028 885 3071 sed
